2370 4244
215 206 278 266 'roo
459 196 856 275 tervannia*

61 280 161 352 Anno
203 280 348 366 *orurac
385 280 457 355 satis
480 284 572 357 brevi
597 285 630 353 in
655 284 957 371 decentemstatum
981 284 1113 361 restittlss

65 378 162 464 {5430
211 393 244 446 ta
270 380 407 445 fuerunt.
1005 444 1010 453 ,
1087 456 1092 465 ‚

227 547 229 550 Ι
256 464 348 534 Huic
372 474 458 533 antro
481 461 700 544 communiter*
720 462 904 535 adscribitur
924 466 1113 540 munitio&

214 553 354 623 dilatatio
392 553 539 623 civitatis.
572 549 679 624 Portae
695 551 729 623 S.
743 540 876 647 Georgii
896 552 929 624 δε
947 557 1114 647 Kypdor·

207 645 306 743 plana
336 641 467 731 ‘dejeoiae
493 647 525 712 δι
547 650 643 712 novae
667 637 1114 731 artificiosrores&firmiores

207 733 319 804 erecte
332 756 345 811 3
359 733 478 800 moenia
488 731 582 800 novis
616 753 653 799 ro
678 731 880 824 ugnaculis&
893 730 1116 804 murislirma-

204 830 239 893 ta
246 847 259 901 3
270 823 287 891 i
298 823 391 907 Porta
404 821 499 907 rubra
508 819 550 888 acl
561 753 713 888 sebalbm
725 822 819 889 novis
832 821 991 890 moenibus
999 824 1115 892 aretiis

207 931 324 1004 magna
347 932 418 1001 pars
446 909 564 979 civitati
581 909 783 1000 incorporata
805 907 848 977 est
869 951 882 991 ,
903 932 976 998 quae
1010 910 1112 1000 usque
1146 940 1148 945 ·

102 1036 106 1043 ·
197 998 243 1069 in
280 999 470 1068 hodiernum
504 993 591 1066 diem
624 1017 712 1066 nova
737 998 858 1066 ‘civitas
902 1011 1038 1069 vocatur
1069 998 1112 1070 de

77 1134 100 1177 ·.
149 1114 152 1119 ·
208 1086 439 1171 Meua-[lade.
480 1074 517 1154 ln
554 1085 607 1155 illa
640 1104 748 1155 autem
767 1086 898 1158 civitatis
945 1105 1008 1158 arte
1030 1085 1111 1159 hao-

207 1176 296 1247 tenrle
317 1176 421 1245 nullus
457 1174 588 1244 habetur
608 1183 699 1245 locus
723 1175 846 1256 sacer,
880 1109 944 1245 niti
960 1177 1050 1266 quod
1073 1177 1111 1248 in

14 504 131 588 unm
152 530 197 581 cr.

14 601 91 654 viaria

210 1266 352 1344 domo,
390 1266 422 1333 i'n
469 1285 509 1331 ua
541 1263 744 1335 recluduntur
768 1266 913 1334 moribus
937 1265 1113 1334 emendan-

270 1393 282 1434 ,
317 1351 366 1424 bet
387 1286 600 1444 Tucia-hams,
624 1348 776 1424 habeatur
799 1355 932 1447 Capella
957 1354 1112 1425 domesti-

136 1371 138 1375 ·
213 1356 247 1424 'di

215 1458 254 1514 ’Φ
615 1520 617 1525 .

55 1598 72 1653 fi
170 1592 198 1645 rn
262 1526 351 1602 Cum
396 1540 528 1639 propter
568 1528 666 1601 indies
704 1530 890 1604 crescentem
927 1530 1111 1605 incolarum

22 1608 158 1731 {baffi
218 1639 389 1693 numerum
415 1628 449 1690 δι
464 1623 535 1689 mde
572 1621 731 1691 causatam
765 1625 923 1709 caritatem
955 1623 1110 1693 locorum

22 1729 168 1782 uanstenua
220 1715 344 1783 decreta
377 1709 452 1781 effer
487 1711 571 1798 (libia
606 1704 746 1780 dilatatio
777 1712 947 1795 civitatis,
979 1713 1113 1781 creden-

220 1802 301 1871 dum
329 1800 407 1880 est,
439 1821 501 1892 pro
525 1818 569 1868 ter
601 1799 749 1870 eamdem
783 1799 909 1870 causam
929 1799 995 1869 hoc
1019 1823 1112 1871 anno

219 1887 397 1961 translatam
444 1820 533 1958 fuilie
566 1890 783 1980 perantiquam
819 1890 1032 1980 Infirmariam
1075 1890 1114 1958 in

217 1981 284 2050 Cla.
309 1978 427 2072 dorp,
456 1996 493 2047 ut
516 1977 632 2071 nempe
652 1978 876 2048 mercatoribus
900 1978 1115 2046 commodioa

221 2085 259 2139 ta
285 2004 355 2137 ibc'a
382 2069 414 2135 ln
437 2065 546 2136 medio
568 2067 701 2137 civitatis
715 2082 978 2160 procurarentur.
1006 2062 1114 2133 Stete-

218 2177 272 2228 ¹rat
298 2153 476 2247 Infirmaria
499 2155 555 2223 ista
575 2155 609 2224 in
634 2156 722 2227 diuo
743 2155 820 2224 vico
844 2196 856 2234 ‚
876 2154 910 2222 in
932 2152 1008 2222 loco
1029 2174 1114 2240 pro-

222 2245 456 2344 perngerum
478 2244 588 2338 plateae
611 2285 624 2324 ‚
651 2267 723 2334 que
745 2243 833 2313 duait
856 2245 896 2312 ad
921 2236 1115 2312 Dominica-

224 2358 281 2403 nas
304 2346 374 2403 ante
401 2352 521 2402 annum
547 2333 667 2422 i3oo.‚
694 2332 842 2426 utsupra
864 2331 1032 2410 vidimus,
1051 2328 1105 2399 ha·

225 2425 380 2511 bebatque
415 2420 582 2515 Capellam
621 2422 788 2512 propriam
810 2443 886 2490 cum
911 2419 1056 2510 pluribus
1070 2422 1113 2489 -in

221 2520 261 2579 'ea
299 2510 445 2579 altaribus
477 2524 488 2576 't
524 2507 582 2574 ista
619 2524 728 2576 autem
750 2509 867 2576 domus
890 2505 931 2575 src
954 2506 1113 2580 desim&

224 2598 304 2677 esi,
336 2615 372 2666 ur
422 2592 462 2664 ni
504 2594 581 2677 vesti
603 2595 672 2664 ium
708 2594 792 2665 illiue
830 2593 925 2664 hodie
950 2610 1116 2687 appareat·

224 2683 392 2757 Translata
414 2698 531 2755 ¹autem
553 2615 604 2751 eti
621 2682 685 2752 hoc
710 2706 799 2755 anno.
818 2677 860 2753 ad
883 2682 1020 2776 plateam
1042 2686 1117 2756 dio-

220 2793 291 2847 tam
323 2775 362 2846 λε
392 2768 594 2865 Ray-straet,
632 2771 722 2862 cujus
741 2772 820 2843 latus
839 2772 986 2842 orientale
1011 2796 1119 2866 occup

225 2885 284 2960 par
314 2864 576 2959 Begginagium‚
606 2862 697 2951 quod
730 2861 796 2932 hoc
824 2881 968 2955 tempore
989 2862 1114 2933 ibidem

227 2958 400 3061 erigebatur
422 2997 450 3033 ,.
469 2959 502 3021 δε
527 2953 632 3021 locata
651 2949 695 3021 est
720 2951 753 3021 in
774 2952 867 3020 latere
889 2950 1075 3019 occidentali
1097 2985 1113 3029 a

228 3047 287 3114 ubr
309 3044 415 3113 adhuc
436 3041 532 3109 hodie
554 3043 585 3108 in
605 3063 642 3106 ea
666 3039 725 3109 sub
747 3039 823 3109 curi
836 3036 1117 3109 Eleemosmario·

227 3155 303 3200 rum
325 3132 450 3200 aluntur
481 3127 687 3212 omovetulae
698 3150 774 3198 cum
788 3129 899 3212 ancilla
924 3153 935 3204 ;
957 3125 1116 3217 habmque

227 3220 398 3312 Capellam
434 3217 569 3285 dicatam
603 3222 636 3301 S.
649 3217 783 3306 Masta,
817 3216 869 3305 qui
894 3217 1012 3294 ibidem
1032 3239 1115 3287 cum

228 3333 348 3403 magno
374 3305 487 3398 populi
509 3303 665 3374 concursu
691 3304 815 3375 colitur.
847 3304 981 3397 Capella
1002 3322 1116 3385 autem

224 3400 281 3467 ista
317 3397 495 3468 consecrata
530 3393 589 3465 tuit
620 3415 676 3485 per
705 3392 895 3488 praedictum
921 3398 1116 3477 Martiarum

224 3493 381 3582 Cuperem
422 3481 510 3578 Epis.
547 3494 785 3571 ann01546.,
829 3503 865 3552 ut
890 3478 993 3553 asserit
1010 3482 1117 3575 Pape-

103 3595 108 3602 '
214 3575 374 3655 :broclrius
396 3575 524 3648 Annas.
546 3572 698 3661 Mss,ad
720 3594 950 3643 ecmannum.
1017 3656 1060 3728 ci
1104 3618 1109 3629 .

1061 3681 1120 3733 rea
