2370 4244
220 234 289 314 im
412 257 420 286 ι
465 225 855 298 ducenarii

69 310 168 386 Anno
221 312 361 389 bitabant
396 314 476 387 verb
495 318 528 385 in
551 340 587 386 ea
608 317 788 386 monasterii
810 324 929 407 parte3
963 326 1039 405 quae
1060 328 1114 388 eri

67 414 171 491 [1556.
218 406 378 564 pastulum
412 408 519 476 minus
547 407 716 476 dicebatur.
760 405 918 476 Somnum
945 407 1114 498 capiebant

235 519 312 586 uper
345 495 491 566 stramine
516 497 548 564 in
571 495 761 565 dormitorio
784 495 961 582 juniorum.
1006 499 1112 582 Quo-

214 583 289 656 tidie
329 586 407 656 duas
437 583 542 654 missas
576 587 783 654 canebant&
807 583 864 653 sub
896 605 1005 653 earum
1040 600 1108 654 una

214 675 497 745 communicabant
539 674 692 763 quotidie.
733 672 883 742 Chorum
905 673 1040 762 denique
1061 676 1108 743 ad

216 760 311 834 horas
329 765 495 833 canonicas
518 762 739 854 persolvendas
769 761 925 831 habebant
946 763 979 830 in
998 764 1106 834 domo

215 852 381 946 capitulari
404 893 418 932 ‚
453 853 550 930 &ad
575 852 764 941 obsequium
789 850 882 922 suum
905 852 1106 942 Presbyteros

21 926 194 997 ³⁹*le
214 959 275 1011 tres
312 940 485 1017 habitantes
500 976 503 988 t
516 942 548 1008 in
582 943 664 1010 atrio
700 939 890 1020 monasterii.
971 942 1106 1011 uoniam

214 1049 322 1110 autem
343 1033 411 1101 vita
437 1037 471 1100 δι
498 1030 696 1100 conversatio
722 1053 831 1099 earum
854 1029 963 1123 religio
977 1025 1105 1111 illrma,

212 1120 351 1208 ritusque
371 1120 645 1189 lFacontinarum
671 1121 908 1188 Canonicarum
932 1120 1041 1189 ritibus
1055 1119 1105 1189 di·

212 1205 326 1288 versi,
359 1208 467 1278 multis
492 1207 716 1296 inquilinatum
735 1209 900 1300 placebant
925 1233 937 1287 3
961 1208 1103 1278 inveutae

210 1296 284 1367 sunt
322 1320 388 1367 non
429 1319 577 1388 paucae,
611 1319 688 1386 quas
722 1299 842 1389 cupido
875 1295 1036 1366 incesserat
1059 1298 1101 1366 ad

211 1385 353 1477 ipsarum
378 1386 535 1456 Ordinem
561 1386 739 1456 transeundi
766 1413 779 1466 ς
810 1406 844 1455 ut
871 1386 1009 1476 optabile
1030 1389 1101 1455 fue-

112 1542 141 1556 „
210 1472 287 1554 rit',
326 1500 375 1545 eas
411 1477 566 1545 discedere
588 1477 764 1562 revertique
783 1475 814 1542 in
843 1474 1028 1564 Angliam‚
1064 1493 1100 1546 ut

210 1565 331 1635 fadum
357 1564 400 1634 ell
419 1584 588 1636 revocante
607 1587 657 1634 eas
678 1566 806 1636 Maura
829 1560 963 1655 Regini.
991 1565 1099 1634 Refert

208 1649 279 1723 haec
301 1656 420 1760 Papeb.
441 1655 568 1724 Annal.
590 1660 681 1730 Mss,
706 1655 750 1723 ad
769 1680 822 1722 an.
851 1666 947 1742 1536·
1056 1650 1064 1672 ²

253 1741 422 1835 Religiosae
447 1763 553 1832 autem
575 1742 636 1811 illae
662 1745 694 1812 in
715 1743 864 1835 Angliam
887 1740 1017 1812 reversae
1041 1741 1096 1810 diu

28 1859 139 1926 andem
148 1875 188 1913 re·
208 1829 326 1901 ibidem
368 1830 469 1919 quiete
502 1854 568 1899 non
602 1830 801 1907 substiterunt
823 1853 930 1898 :nam
966 1828 1099 1900 mortui

19 1925 104 1985 derue
127 1935 188 1982 Anu
206 1917 336 1990 Maura
359 1915 498 1990 succeffit
521 1943 605 1988 anno
623 1942 717 2006 1559·
742 1921 999 2002 Enrznuaruu,
1023 1942 1095 2008 quae

19 2000 134 2054 respuor.
206 2008 299 2077 etiam
336 2009 499 2080 crudeliter
531 2006 688 2100 persecuta
740 2007 783 2077 est
809 2007 994 2078 catholicos.
1044 2010 1095 2076 An

209 2116 317 2168 autem
342 2098 471 2170 reversae
498 2096 556 2168 fint
576 2097 786 2190 Antverpiam
799 2135 817 2178 ‚·
833 2098 977 2166 nescitur.
1021 2095 1095 2166 Sus·

206 2188 304 2279 picari
338 2207 443 2259 tamen
482 2186 648 2280 possumus
674 2212 722 2256 eas
744 2185 878 2256 reversas
899 2183 994 2264 effe,
1030 2185 1095 2254 eas·

207 2299 268 2365 que
290 2277 356 2348 illas
385 2278 482 2356 effe,
520 2302 591 2366 quae
620 2277 803 2365 aliquandiu
836 2274 1036 2351 substiterunt
1059 2277 1093 2344 in

207 2365 388 2456 Mishagcn
412 2369 487 2437 vico
514 2368 571 2435 sub
596 2366 732 2447 Eckercn
760 2408 774 2445 ,
804 2367 837 2433 in
860 2389 928 2453 quo
952 2364 1001 2432 Le
1014 2365 1092 2454 Roy

206 2456 288 2523 Not.
322 2456 457 2524 March.
495 2471 569 2549 pag.
592 2477 667 2543 353.
711 2452 813 2523 asserit
836 2452 999 2536 substitisse
1017 2473 1092 2521 mo·

206 2539 376 2611 naslerium
409 2544 645 2636 Brigirrinarum
672 2585 683 2622 ,
711 2544 800 2628 quod
825 2543 945 2630 eodem
965 2540 1020 2609 illo
1045 2539 1091 2626 se·

205 2629 281 2699 culo
307 2627 488 2702 'transsatum
510 2633 570 2702 suit
590 2628 812 2724 Uliffiponem.
880 2714 881 2717 Ἴ

24 2822 88 2903 opis.
110 2832 183 2882 cam.
247 2807 417 2882 Soemras
461 2811 550 2893 Jusu
587 2813 762 2904 approbata
793 2815 895 2881 fuerat
929 2809 1091 2881 aPauLo

19 2888 185 3010 {gljbssmldffi
204 2893 333 2968 PP.111.
355 2922 408 2988 27.
416 2901 597 2993 septembris
610 2925 694 2969 anuo
712 2923 835 2990 1540.:
859 2901 971 2968 verum
987 2899 1094 2968 hadde·

19 2971 119 3073 :arcad
203 2987 260 3056 mls
284 2991 418 3059 admissa
442 3008 592 3059 nouerat·
618 2991 650 3057 in
668 2992 812 3081 Belgio,
847 2985 1046 3060 nechrinci
1073 3012 1092 3056 e

203 3099 261 3144 nec
296 3081 509 3148 communiter
548 3081 588 3145 ab
614 3081 792 3170 Episcopis.
835 3078 960 3149 Interim
984 3098 1025 3144 ve
1056 3099 1091 3144 a·

201 3165 315 3234 bantur
343 3165 374 3231 in
395 3166 504 3254 Belgio
524 3168 630 3258 plures
652 3169 739 3235 socii.
787 3169 964 3260 Episcopus
986 3165 1093 3234 noller

197 3249 347 3322 Robcrtus
369 3251 408 3321 de
430 3261 511 3346 Croy
537 3277 589 3322 eos
612 3261 808 3345 nontantum
822 3281 889 3325 uon
903 3254 1093 3335 admiserat,

196 3341 252 3410 sed
277 3342 403 3434 insuper
434 3343 556 3411 iteravit
579 3343 773 3422 decretum,
808 3370 874 3434 quo
906 3388 931 3426 ‚,
946 3344 1092 3413 Societa-

171 3469 173 3474 .
200 3470 226 3512 ‚‚
241 3431 278 3498 tis
312 3430 456 3502 homines
484 3430 551 3500 totd
570 3430 625 3499 sud
652 3432 839 3503 dioecefi...
864 3435 1088 3527 praedicatione

197 3560 224 3598 ,‚
237 3519 336 3587 divini
361 3526 449 3593 verbi
474 3528 507 3593 dc
532 3523 693 3592 sacrorum
719 3524 985 3596 administratione
1010 3544 1087 3614 pro-

1046 3701 1091 3781 lta
