2370 4244
256 243 485 317 Criu'rsro
521 246 776 322 crescente
898 249 970 334 'iani

70 333 257 441 {susensati
283 336 417 407 civitatis
444 356 581 404 numero
604 334 714 426 viginti
744 360 763 412 3.
784 339 879 428 pueri
904 360 966 427 pu·¹
1030 330 1128 400 'Anno

69 422 189 503 „buce
221 422 376 520 prossituti
399 446 535 491 nurnero
558 424 785 515 quinquaginta
808 448 820 500 3
845 431 965 516 captiui
1038 444 1131 510 1554.

72 513 233 592 „circiter
258 513 390 607 viginti,
413 519 538 582 Fratres
565 513 726 581 Alexiani
756 511 938 582 odiodecim
951 556 970 595 2

73 624 149 681 „ac
193 603 322 671 tandem
358 609 481 672 Sorores
517 606 611 692 nigra
648 623 786 671 numero
818 601 970 684 sedecima,

72 687 227 772 „Itidem
247 689 332 780 quod
356 691 486 783 desuper
518 691 783 782 praenominatum
809 690 967 760 monaste-

74 780 205 861 „rium
239 802 352 872 praeter
385 798 522 868 quatuor
551 778 667 859 asses,
700 804 782 870 quos
810 780 843 847 iii
871 778 965 848 usum

75 873 314 960 „Captivorum
354 871 527 961 expendere
568 869 647 938 solet
680 911 693 948 ,
741 889 883 949 teneatur
922 869 965 943 ad

73 955 196 1036 „duos
238 956 378 1026 florenos
431 956 609 1026 domesticis
646 957 836 1047 pauperibus
869 956 965 1045 hujus

71 1045 239 1124 „civitatis
267 1046 499 1139 septimanatim
525 1045 753 1113 conserendum
776 1071 787 1124 ,·
813 1046 857 1114 uti
885 1069 964 1113 con-

69 1172 95 1212 „
110 1131 169 1203 slat
188 1134 220 1203 in
245 1135 357 1206 ultima
381 1134 624 1224 computatione
647 1153 658 1213 ⁴,
694 1134 727 1202 in
750 1136 863 1203 eodem
888 1129 1003 1226 mo-'''¹

65 1259 95 1299 „
109 1219 242 1292 naslerio
275 1225 405 1294 duobus
442 1221 580 1290 Scabinis
616 1222 815 1316 prasentibus
842 1249 880 1293 ex
907 1223 981 1294 Se·-

70 1329 185 1391 „natu
220 1312 434 1422 desumptis,
480 1309 545 1380 hoc
580 1334 664 1378 anno
700 1310 972 1466 quinquagefimo„

70 1398 245 1479 „secundo
269 1401 388 1479 fassa,
425 1395 614 1470 confirmati
638 1405 672 1471 δι
693 1401 825 1480 causa3
850 1403 962 1472 inven-

68 1505 238 1575 „tumque
258 1485 328 1565 sio,
359 1489 505 1580 expensas
536 1489 633 1558 fadai
659 1489 701 1556 ad
722 1489 816 1558 usum
835 1507 979 1583 paupe-i·

67 1598 179 1656 „rum
217 1575 467 1647 domesticorum
492 1576 692 1664 aliorumque
727 1603 876 1667 agrorum
901 1579 959 1648 de·

67 1706 94 1745 ,‚
107 1665 357 1746 etnubentium,
391 1690 538 1734 necnon
571 1671 765 1760 captivorum
790 1670 957 1760 provenire

62 1751 145 1834 „ad
180 1750 339 1823 summam
366 1755 476 1848 viginti
497 1754 550 1824 sex
572 1755 790 1849 ponderorum
813 1776 960 1828 monetae

69 1842 302 1923 „Brabanticae
334 1844 427 1912 semel
463 1871 475 1922 ‚·
507 1842 568 1914 sine
590 1869 629 1913 eo
656 1847 744 1934 quod
765 1846 850 1916 idem
877 1871 958 1921 ιῑιο-ῃ
988 1898 991 1905 -

67 1927 266 2009 „nasseriuni
293 1959 330 2002 ex
354 1934 451 2028 gratia
477 1935 519 2002 ad
545 1935 638 2004 usum
664 1935 845 2029 specialium
868 1960 951 2028 pau·

64 2040 215 2110 „perum
253 2024 459 2114 personarum
485 2023 716 2107 distribuerat,
748 2025 845 2114 idque
870 2049 952 2116 pro·

65 2111 229 2188 „veniens
268 2113 308 2180 ad
341 2112 504 2184 summam
528 2113 702 2182 duodecim
728 2116 958 2205 ponderorum.

63 2219 271 2278 „aureorum
297 2224 373 2274 cum
395 2201 569 2270 duodecim
588 2199 694 2268 solidis
719 2221 857 2269 monetae
874 2204 952 2268 Bra·
985 2264 988 2275 ,

57 2326 87 2370 2,
97 2287 244 2357 bassslcae·

111 2414 137 2453 ‚‚
147 2373 277 2469 Insuper
314 2376 403 2465 quod
436 2374 575 2470 express?
609 2373 778 2470 reperiatur
803 2397 962 2472 temper

60 2504 87 2545 ‚,
100 2486 272 2558 computus
284 2467 387 2537 fartos
397 2466 494 2556 quam
508 2466 633 2537 aliunde
642 2507 660 2547 ,1
677 2466 766 2555 quod
775 2471 951 2561 praenomi·
992 2534 995 2540 ,

62 2573 208 2633 „natum
232 2554 460 2626 monasterium
483 2557 599 2627 civitati
624 2557 736 2625 debeat
745 2562 961 2646 quantitatem.

60 2646 346 2735 „quingentorum
377 2648 607 2736 quarteriorum
634 2644 757 2737 siliginis
784 2648 950 2718 occasione

58 2749 222 2810 „mutua
242 2731 397 2824 siliginis,
430 2757 525 2823 quam
550 2737 680 2840 praefata
703 2735 809 2808 civitas
833 2738 865 2804 in
896 2761 948 2804 ne-

55 2814 228 2901 „ceslitate
266 2822 367 2896 eidem
393 2821 585 2892 monasterio
611 2821 752 2913 praestitit
787 2847 823 2894 ac
856 2847 949 2901 com-

58 2909 274 2990 „modavitt
300 2909 343 2980 ita
372 2929 408 2980 ut
445 2910 586 3003 personae
625 2911 848 3001 praenotninati
873 2935 949 2979 mo-

59 2998 220 3080 „iiastetii
242 3000 283 3070 ad
301 2998 369 3068 illas
391 2999 619 3070 distributiones
642 2998 842 3069 tenendas&
869 3024 952 3074 con·.

59 3087 259 3169 „servandas
281 3129 295 3168 ‚
331 3088 508 3159 secundum
539 3088 783 3170 declarationem
807 3114 950 3184 compu-

57 3177 145 3260 „tlis
168 3178 242 3248 faui·
264 3220 277 3259 ,
308 3202 375 3250 non
399 3177 535 3273 amplisu
563 3178 698 3249 habeant
718 3183 948 3251 aur'transcen·

19 3278 25 3289 '
55 3305 85 3346 ,‚
99 3266 211 3345 dant,
244 3264 299 3336 nisi
323 3271 526 3358 quantitatem
551 3271 831 3362 quadragintorum
854 3294 956 3359 quara.

56 3354 251 3437 ‚‚tarioium
285 3379 361 3426 cum
398 3359 507 3427 medio
532 3357 654 3465 siliginis
676 3385 688 3438 3
715 3381 771 3426 nec
791 3360 865 3427 alias
886 3359 947 3428 illis

56 3484 84 3524 ii
96 3441 264 3533 provisum
287 3444 380 3527 elle,
415 3472 472 3518 nec
494 3445 709 3540 provisionem
734 3448 856 3515 alterius
875 3431 950 3518 fru-¹

55 3572 81 3611 ii
95 3532 195 3608 inenii
218 3533 260 3601 ad
280 3532 366 3604 illam
389 3535 642 3606 sustentationem
664 3538 695 3602 in
718 3538 861 3626 granariis
884 3537 941 3608 ha·.

52 3623 199 3701 „benten
237 3618 294 3701 fiat
315 3648 328 3710 5
348 3626 439 3714 quod
473 3645 579 3789 tlpmen
609 3625 651 3712 ad
673 3645 790 3706 uniam
814 3645 941 3712 tamque

532 3737 552 3803 3
828 3738 945 3795 „nite-¹
