2370 4244
92 327 189 393 Anno
237 258 347 398 elisus,
393 317 459 396 llic
484 232 516 405 ξ
532 250 612 395 cllml
626 251 753 483 (Erebis
773 249 843 395 apntlc
857 256 1061 432 Acir'cuirum
1080 315 1134 400 soi

670 436 787 520 rogum
813 455 826 494 ,
858 418 996 486 obvium
1022 419 1135 495 habuit

95 432 191 503 1550.
237 417 376 486 lemnem
403 416 574 486 ducebatur
606 438 625 484 a

236 505 393 576 famulrun
431 504 543 598 panni·
571 523 737 584 aratoris,
770 506 825 593 qui
861 506 1014 576 accedens
1054 533 1132 579 eum

233 593 490 665 osculabatur&
519 612 538 663 a
585 595 747 663 ortabatur
770 595 889 664 fortiter
914 598 1009 664 mori.
1047 599 1132 670 Hinc

232 686 360 843 ἓξὲξ
395 683 1132 865 ξᾚὲἶωαρᾞξεῗεηῗξὲωάἃῖἶῗιΐὲἒᾚ

234 865 343 935 martis
365 858 503 949 sequenti
531 863 627 933 etiam
647 860 833 931 combustus
858 863 930 931 fuit.

279 954 379 1021 Anno
403 950 540 1040 sequenti
564 949 810 1042 comprehensus
833 952 891 1020 fuit
913 951 1047 1040 qnidam
1069 955 1130 1038 Jo*

234 1040 328 1112 annea
358 1039 599 1119 Ostendanus,
645 1041 700 1128 qui
728 1042 824 1109 etiam
851 1038 1017 1112 Gandavo
1042 1046 1133 1138 fuge*

233 1147 293 1200 rat.
336 1132 403 1200 Hic
432 1131 543 1200 contri
562 1126 678 1200 Edisse
701 1129 832 1200 Caesaris
860 1129 963 1222 prope
986 1133 1123 1203 Antver·

232 1222 324 1320 pianr
337 1219 536 1377 ‘praedicabat
561 1219 784 1312 populumque
809 1220 1018 1302 concitabat,
1049 1221 1132 1292 unde

233 1317 335 1399 &qux
389 1307 503 1379 Ediua
521 1326 688 1397 tamquam
713 1308 873 1379 seditiosus
902 1306 1130 1383 condemnatur

232 1399 295 1467 fuit
320 1403 353 1467 &
377 1396 562 1468 combustus
596 1420 683 1466 anno
701 1417 796 1484 1551.
820 1396 956 1468 Falsum
992 1397 1058 1470 hoc
1082 1424 1131 1469 re·

233 1491 295 1559 fert
333 1493 480 1577 Martyr.
517 1484 656 1556 heterod.
688 1502 763 1599 pag.
794 1506 867 1568 129.
901 1484 1048 1576 Sequenti
1075 1512 1132 1579 3⁰·

234 1574 368 1668 januarii
397 1576 447 1646 die
485 1574 647 1647 Sabbatho
672 1575 786 1646 iterum
809 1574 862 1644 hle
886 1575 950 1668 igni
974 1577 1065 1647 datus
1086 1577 1129 1648 est

234 1667 392 1735 aurifaber
426 1665 631 1759 anabaptista.
684 1666 751 1736 Hic
782 1664 873 1736 feste
895 1665 1130 1748 renunn'asset,

236 1751 262 1825 sn
280 1773 426 1824 mortem
463 1756 595 1824 evadere
619 1753 770 1847 potuisset
800 1780 812 1832 ,-
844 1752 897 1823 sed
919 1756 995 1843 quia
1016 1756 1050 1823 in
1069 1756 1130 1825 do·

236 1865 309 1913 mo.
324 1843 388 1932 ejus
440 1842 523 1913 lures
546 1844 728 1935 rebaptizati
757 1845 911 1922 firerant,
945 1844 1129 1915 sententiam
1162 1922 1168 1934 ‚

237 1955 307 2010 non
342 1955 401 1999 eva
413 1951 437 1999 rt
464 1938 497 2000 &
522 1951 669 2002 mortuus
706 1929 751 2000 est
773 1928 933 2023 persistens
960 1932 994 2002 in
1015 1956 1130 2004 errore.

238 2017 389 2110 Ejusdem
413 2021 540 2089 indubie
564 2019 663 2089 Secia
688 2038 753 2089 erat
775 2023 892 2089 femina
919 2061 932 2099 ,
965 2045 1039 2111 quae
1053 2021 1129 2091 Sab-

237 2109 337 2181 batbo
359 2132 411 2179 ao.
423 2110 568 2178 februarii
589 2150 603 2189 ,
637 2107 807 2199 postquam
831 2133 897 2178 non
923 2109 1012 2200 juxti
1033 2134 1126 2182 caere-

238 2201 363 2272 monins
390 2197 534 2270 Ecclesrae
550 2240 571 2278 -,
605 2197 656 2268 sed
677 2198 762 2288 juxti
787 2200 926 2268 modurn
948 2201 1041 2271 secia
1066 2201 1128 2272 suar
1157 2264 1161 2271 .

238 2291 482 2372 matrimonium
538 2288 646 2358 inierat
677 2329 689 2367 ,
740 2289 826 2377 aquis
864 2288 1024 2359 submersa
1060 2292 1129 2360 fuir.

240 2377 354 2463 Chron.
380 2386 456 2447 Ms.
489 2377 539 2447 Sic
561 2377 692 2446 Senatus
714 2375 948 2469 Antverpienfis
974 2375 1126 2448 continub

239 2467 423 2558 invigilabat
445 2467 488 2534 ad
514 2465 653 2536 funditus
672 2467 940 2536 exterminandam
950 2467 1127 2538 seditiosam

239 2555 326 2625 illam
361 2552 491 2623 seuam.

288 2645 453 2713 Canonus
479 2642 656 2735 Imperator
681 2684 694 2723 ,
728 2645 769 2714 ad
790 2644 1029 2736 impediendum
1052 2668 1128 2738 pro·

50 2751 225 2835 normanne-
240 2732 379 2826 gressum
403 2731 556 2846 bariesum
576 2740 608 2801 &
633 2734 829 2837 imminentes
847 2735 919 2838 inde
939 2734 1127 2840 seditiones,

49 2827 225 2958 {aaran
609 2821 868 2983 urlaub
886 2823 1130 3015 ulum

244 3004 350 3071 voluit
374 3041 386 3077 ,
419 3021 454 3071 ut
475 3003 627 3070 formula
646 3003 881 3093 Rq'ormatirnis
905 3040 918 3079 ,
951 2999 1010 3069 sub
1031 3003 1128 3093 iplrua

243 3090 433 3159 authoritate
467 3111 552 3156 anno
590 3094 683 3175 1548.
728 3089 1128 3182 Augustae-vindelicorum

243 3179 354 3257 edita,
372 3176 406 3243 in
429 3177 539 3269 Belgio
561 3177 815 3269 promulgaretur
836 3185 869 3248 δι
890 3178 1129 3260 observaretur,

244 3270 348 3337 donec
371 3287 428 3367 per
454 3264 640 3334 Concilium
686 3267 806 3334 enerale
832 3268 918 3336 aliter
935 3268 1128 3343 slanreretnr.

242 3358 343 3427 Hunc
377 3377 410 3423 rn
446 3349 543 3420 finem
565 3355 645 3422 datis
665 3288 796 3425 litteris
811 3359 937 3450 rogavit
962 3355 1127 3428 Rcberrum

241 3446 279 3515 de
301 3454 381 3535 Croy
404 3442 600 3535 Episcopum
627 3446 885 3514 cameracensem
906 3486 920 3522 ,
952 3447 1128 3536 querentis,

240 3534 328 3624 juxti
375 3533 559 3624 exemplum
592 3533 774 3624 Principum
809 3533 975 3625 Imperii,
1008 3537 1128 3606 <lislam

242 3624 411 3711 (amulam
435 3645 491 3717 per
514 3639 613 3693 totam
639 3623 729 3694 suam
756 3622 915 3696 dioecelim
929 3624 1131 3785 prorgulgari

1037 3729 1128 3788 cerel·
