2370 4244
240 88 477 169 Crenasro
513 89 774 159 enascens
881 107 948 175 2¹7

55 178 278 261 „ammarum
308 179 541 267 ,qrrdcumque
560 176 746 248 audoritate
764 174 807 244 isli
829 173 948 268 provisi
1012 182 1112 265 Anno

54 271 254 353 „suetiam
283 271 441 337 neminem
466 265 523 334 nisi
548 266 701 335 idoneum
727 306 739 345 ,
768 263 860 353 seque
879 287 952 357 per·
1022 287 1120 360 1561·

57 358 245 438 „sonaiem
279 357 472 427 residentiam
507 357 669 426 fadiurum
698 396 711 434 ,
759 354 866 447 medio
901 351 953 442 ju·

54 467 247 527 „ramento
265 449 525 538 promittentem,
557 445 768 513 admittentes.
976 506 1000 555 1>
1016 499 1032 551 b

112 537 190 615 „Et
215 538 364 624 quoniam
391 536 489 624 impia
515 535 737 603 haereticorum
757 530 857 600 studia
876 547 957 599 tem·
976 512 1151 616 soffitpfe']

59 665 92 703 „
105 623 253 715 porisque
274 623 393 694 matitia
415 625 503 690 viros
530 624 644 692 destos
672 624 712 691 ab
738 618 956 691 Ecclesrissuis
977 629 1061 684 fidere.

59 713 218 792 „dimitis
255 711 356 783 abesse
381 736 447 780 non
466 713 662 818 patiuntur3
688 712 778 800 quod
803 709 959 778 srCano·

58 803 168 879 „aiei
203 802 345 895 graduati
374 802 517 892 praedrdi
542 804 583 870 ab
607 796 743 869 Ecciefia
768 801 824 868 sua
849 795 956 880 ,'niii

59 933 91 971 ,ι
107 893 149 958 ab
174 891 336 984 Episcopo
356 894 410 958 seu
433 891 589 980 Capituio
614 886 694 956 missi
710 911 766 979 per
776 890 857 956 duos
867 911 958 956 men·

59 979 147 1057 „ses
178 982 335 1050 abfuerint
362 1021 374 1058 ,
409 979 544 1070 integros
567 977 631 1047 suae
658 979 837 1070 praebendae
871 980 957 1044 fruc·

50 1087 150 1146 ‚stus
193 1070 276 1139 illius
327 1069 401 1136 anni
451 1068 594 1136 amittant
635 1073 668 1136 δε
716 1066 869 1160 Capitulo
902 1090 954 1136 εει

63 1158 190 1238 „dant

109 1247 273 1316 Ptrnstum
298 1244 362 1314 hoc
386 1242 586 1313 observatum
610 1246 787 1316 nonfuit:
813 1243 955 1334 graduati

63 1335 152 1402 enirn
180 1333 333 1421 aequalem
372 1334 501 1401 liberam
537 1336 708 1402 absentiam
735 1336 850 1401 habent
881 1331 965 1399 ficut¹

59 1422 167 1490 caeteri
206 1423 371 1500 canonici,
397 1445 511 1512 nempe
539 1425 706 1515 nonaginta
731 1425 867 1490 dierum.

14 1517 17 1521 '
113 1508 239 1579 Deinde}
274 1511 420 1603 qsraedam
456 1511 633 1580 statuuntur
663 1512 743 1583 circei
767 1509 953 1580 divisionem
992 1505 1149 1585 ”fstfibs‘sp'

66 1600 235 1668 lronorum
260 1601 402 1691 Capituli
425 1622 485 1692 pro
512 1601 782 1670 distributionibus
798 1601 956 1692 quotidia-
974 1574 1152 1702 fflgffi

66 1689 114 1756 nis
147 1692 231 1767 „Ac
257 1712 370 1758 ornnes
398 1694 573 1780 proventus
601 1688 790 1784 singularum
814 1695 958 1784 praeben-
977 1701 1013 1753 ιο.

64 1778 218 1855 „darum
245 1780 337 1849 disse
363 1776 508 1849 Ecclesrae
531 1781 563 1847 in
591 1782 670 1850 duas
692 1800 796 1875 partes
822 1780 957 1868 aequaies

65 1867 320 1947 „dividannrm
360 1891 495 1956 querum
535 1869 629 1939 astera
668 1893 729 1974 pro
769 1869 969 1957 quotidianis

65 1994 91 2032 ‚‚
106 1954 375 2027 distributionibus
400 1957 446 2025 his
481 1958 554 2025 solis
579 1999 592 2036 ,
626 1981 681 2045 qur
707 1959 822 2025 divinis
847 1953 959 2024 officiis

63 2045 136 2123 „in
172 2043 274 2112 choro
308 2045 504 2112 deservierint
558 2051 590 2113 δε
652 2047 726 2114 inibi
759 2046 956 2135 dprincipio

63 2130 202 2216 „usque
237 2133 278 2199 ad
316 2129 445 2209 finem,
482 2131 609 2221 exceptd
632 2129 811 2200 necessitatis
837 2131 957 2208 causi,
1050 2140 1053 2145 '

18 2220 21 2225 ’
64 2260 91 2299 ,,
106 2220 350 2309 permanserint,
379 2219 541 2287 ministrari
565 2222 698 2300 debeat3
714 2244 770 2288 nee
790 2221 956 2310 quisquam

65 2347 91 2385 ‚,
106 2307 171 2376 ulid
192 2309 420 2403 dispensatione
448 2311 498 2376 vel
524 2309 587 2377 aiio
614 2310 781 2403 privilegio
805 2308 958 2402 apostoli·

64 2421 178 2476 ‚‚co‚
208 2399 412 2488 qudcumque
458 2399 551 2469 causd
591 2400 758 2493 impetrato
789 2401 840 2469 vel
877 2424 957 2468 con·

65 2528 93 2565 „
110 2485 228 2567 cesso,
268 2490 328 2556 sese
379 2488 582 2556 airefidenria
618 2489 798 2579 hujusmodi
823 2490 957 2558 eximere

64 2571 240 2666 „possin”
274 2575 473 2656 Antehac,
506 2598 541 2645 ιιι
565 2578 660 2670 sopri
692 2582 858 2652 vidimus,
880 2601 958 2646 con·

63 2664 203 2732 suetudo
229 2664 370 2754 Capituli
396 2705 408 2742 ,
441 2666 533 2733 etiam
555 2666 681 2735 decreto
709 2666 878 2756 pontificio
900 2663 956 2732 fir·

69 2772 157 2822 mata
182 2793 194 2831 ‚
235 2750 402 2830 habebat,
424 2755 514 2840 quod
542 2777 604 2843 pro
630 2756 836 2846 percipiendis
859 2753 961 2820 distri·

11 2860 30 2877 '·
66 2844 251 2913 butionibus
286 2843 318 2908 in
343 2841 505 2908 matutinis
531 2842 615 2910 nulia
641 2847 731 2911 causa
756 2841 914 2911 excusaret
938 2845 956 2910 d

67 2930 223 3021 personali
256 2930 418 3026 praesentia
441 2954 449 2998 :
473 2932 506 3000 id
529 2950 634 3001 autem
658 2933 752 3001 etiam
775 2932 871 3003 hodid
894 2935 955 3001 ob·

63 3020 218 3090 servatur.
476 3024 479 3032 '

112 3107 258 3177 Tandem
302 3111 448 3197 quaedarn
498 3109 688 3200 adjiciuntur
720 3113 802 3183 circi
842 3136 952 3182 curam
1067 3171 1086 3218 E
1117 3169 1125 3212 p

67 3195 200 3262 aliarum
238 3199 271 3264 in
294 3199 418 3268 dioecesi
454 3199 666 3270 ecclesiarum.
703 3207 871 3279 „Caeterae
892 3204 957 3270 Ec·
976 3183 1151 3300 ffiffmpssfe‘

66 3325 92 3364 2,
107 3281 205 3354 ciesiae
241 3289 372 3355 civitatis
405 3288 464 3356 sub
488 3312 563 3356 cura
585 3289 660 3357 dissi
687 3289 956 3380 Archipresbyteri
977 3302 1116 3360 nioecefin.

65 3372 335 3453 „Civitatenfis”
377 3376 502 3468 (quod
543 3374 692 3446 effessum
732 3401 796 3444 non
816 3379 958 3457 habuisse

66 3463 162 3556 supri
191 3461 294 3559 dixi)
333 3466 460 3547 „extri
495 3464 575 3534 vers)
610 3489 679 3535 eam
705 3473 738 3536 Bc
764 3468 795 3535 in
834 3470 957 3538 dioecefi

785 3597 810 3639 ‚,
825 3563 959 3629 Antver·
