2406 4236
235 215 474 289 Cnrtrtro
519 221 803 288 'crtnscerrn'x
902 219 972 303 '107

81 308 158 389 til,
216 331 249 378 er
273 308 362 397 quod
412 307 508 378 eneris
542 303 677 376 humani
697 302 872 408 redemptio
897 325 971 395 per·
1033 299 1130 371 Anno

82 398 178 485 osiae
237 397 289 466 Eo
300 395 364 466 fine
385 329 450 465 inc
475 418 619 501 tempore
642 393 731 463 limili
749 395 867 465 locorn
892 408 967 463 om·
1035 403 1132 479 1546.

83 489 172 565 nibus
197 486 321 578 templis
342 510 421 561 crux
443 481 612 578 magntfica
636 485 823 576 erigebatur.
1008 539 1159 594 mm

128 581 269 646 Perkos
304 598 378 646 vnn
415 577 623 651 Moennnnn
659 575 761 642 Poeta
785 579 820 642 δε
841 572 972 644 Βοᾶοι
985 611 1159 670 „offla

86 669 228 744 medicus
252 667 487 758 Antverpianus
509 664 627 760 scripsit
652 660 848 754 Prognostica
864 661 972 752 futuri
1063 682 1065 686 ·

78 759 209 848 seculi,
248 758 418 850 aliquanao
444 760 516 847 igne
536 759 683 848 perituri.
718 751 981 824 Exhortationrm·

85 841 190 927 contri
211 846 331 914 Turcas
359 850 391 912 δι
424 849 666 939 Epigrammata
687 843 776 911 varia
795 840 888 912 versu
914 855 976 930 pro
1041 864 1047 869 ·

83 935 145 1016 oevi
167 934 215 1007 sui
239 936 343 1024 genio,
357 934 511 1025 Antverp.
519 935 602 1024 typis
614 932 716 1000 Henri
727 931 809 999 Petri
825 942 922 1018 1546.
941 930 975 1005 8,

84 1019 238 1180 ‘hiim
264 1026 353 1116 Balg.
374 1038 452 1120 pag.
465 1046 544 1112 994,
586 1021 666 1091 Dies
690 1018 796 1090 obitis
818 1019 884 1112 ejus
906 1039 996 1087 non·

83 1133 115 1195 tn
139 1131 249 1196 rentur.

127 1288 295 1383 Hospirale
322 1287 547 1377 Antvcrpiense
571 1285 746 1380 posidebat
768 1289 914 1384 amplum
937 1294 971 1360 dc
1016 1285 1143 1368 flqspivb

85 1381 273 1455 continuum
307 1379 481 1461 fundum,
516 1377 702 1470 protensum
734 1379 777 1445 ad
814 1382 969 1449 orientem
984 1355 1159 1477 {Jffsffd

80 1471 182 1554 “usque
210 1466 252 1534 ad
284 1488 404 1535 novam
433 1465 550 1537 foliam
585 1468 704 1536 dictam
737 1464 776 1533 de
804 1470 925 1559 Vuylru
945 1493 973 1536 r.

79 1559 173 1623 Cum
212 1572 317 1623 autern
341 1556 498 1636 civibus,
532 1577 673 1644 quorum
695 1577 845 1626 numerus
875 1556 907 1623 in
931 1557 972 1625 ’es

82 1645 256 1735 angebatur
267 1684 280 1722 ,
301 1643 419 1732 ubique
431 1664 622 1734 quaereretur
632 1645 829 1736 oportunitas
850 1685 864 1723 ,
884 1644 974 1714 Hos·

7 1755 41 1777 ··
80 1732 234 1823 pitalariae
267 1733 490 1806 consenserunt
517 1741 550 1804 δι
581 1733 751 1802 statuerunt
774 1734 874 1804 secare
899 1737 973 1804 fun·

83 1822 163 1893 dum
188 1820 282 1891 snum
308 1828 341 1891 δι
366 1845 488 1914 partem
513 1823 594 1894 illius
617 1824 815 1905 divendere,
846 1824 971 1913 inquo
1000 1835 1005 1843 '

81 1905 191 1984 fierent
223 1910 334 2016 plateoe
363 1954 375 1994 ,
410 1919 443 1984 &
485 1914 603 1984 domus
642 1935 707 2003 pro
745 1912 972 1986 commoditate

85 2000 205 2071 civiutn
242 2020 441 2092 errgerentur.
474 2004 550 2072 Pars
577 2021 719 2082 autern,
753 2025 853 2092 quam
872 2003 973 2071 inten-

79 2087 195 2167 debant
204 2090 356 2167 vendere,
369 2109 434 2158 erat
442 2091 664 2183 magnitudinis
679 2112 754 2177 550.
777 2093 942 2245 virgarum
961 2132 974 2168 ‚

83 2180 119 2243 δι
144 2195 274 2266 putatur
297 2176 359 2244 elle
381 2178 434 2245 illa
459 2221 471 2257 ‚
505 2203 578 2266 quae
604 2178 757 2263 usquein
783 2177 828 2244 ho
851 2180 973 2248 icrnum

81 2261 169 2329 diem
210 2264 325 2331 dioitnr
363 2262 667 2355 Gaflhuys·beemden
691 2288 703 2334 t
728 2287 865 2353 cumque
890 2266 974 2336 obti-

79 2349 216 2419 nuissent
249 2350 435 2420 consensum
474 2355 738 2422 mamburnorutn
763 2359 796 2423 δι
817 2353 970 2433 Scottis,
1074 2351 1077 2365 '

82 2441 271 2509 consensum
307 2459 418 2532 petunt
450 2444 499 2512 ab¹
530 2443 696 2540 Episcopo
722 2441 971 2522 Cameracenli3

83 2550 182 2616 quern·
211 2537 244 2599 &
275 2531 483 2602 obtinuerunt
514 2555 572 2624 per
592 2534 703 2603 litteras
727 2535 860 2624 desuper
884 2535 971 2604 datos

83 2616 149 2716 lroc
184 2639 268 2686 anno
306 2645 347 2702 9.·
364 2622 524 2713 augusti,
559 2645 635 2711 quas
671 2648 710 2692 ex
732 2624 876 2716 originali
896 2622 973 2695 sub·

99 2727 140 2772 un
163 2727 196 2773 o.

80 2729 95 2794 J
128 2726 409 2873 >rgROBERTUS
431 2799 494 2866 DE
516 2799 648 2868 CROY
682 2801 744 2866 Dei
765 2798 864 2892 gratid
879 2799 973 2890 Epis·
1134 2886 1137 2892 ι

80 2923 108 2963 ,,
121 2903 224 2971 copus
255 2886 289 2950 δι
326 2885 403 2952 Dux
445 2885 702 2966 Cameracensis,
727 2887 802 2954 sacri
842 2888 970 2978 Imperii
1015 2879 1151 2960 9⁰¹²s⁶3¹s²¹

82 3010 108 3051 2,
121 2972 295 3063 Princeps,
322 2975 443 3042 Comes
475 2971 684 3043 Cameracesri
713 3017 726 3055 ‚
779 2971 968 3069 Praepolitus
985 2949 1107 3016 npncopc

83 3096 108 3140 9,
122 3056 323 3128 Warnnenfis
358 3068 422 3132 &c
479 3062 641 3133 Univerlis
671 3071 704 3134 &
735 3063 858 3156 lingulis
887 3088 970 3158 prae·
1003 3078 1156 3154 aaronis

83 3191 108 3230 ῃ
122 3150 216 3219 sentes
269 3149 403 3222 Litteras
445 3152 556 3224 visuris
599 3153 729 3225 salutem
774 3159 807 3223 in
850 3155 971 3228 Domi·
986 3142 1113 3210 mim

82 3279 109 3318 θ’
119 3260 174 3306 1¹0·
790 3264 798 3279 ’

92 3358 96 3367 ·
121 3350 153 3403 ·‚‚
166 3327 270 3418 Exigit
307 3327 404 3400 officii
427 3332 525 3400 nostri
555 3331 726 3410 debiturn,
762 3354 797 3401 ut
817 3331 874 3401 illis
893 3333 968 3402 sub·
994 3328 998 3336 ¹

80 3412 261 3496 „dirorum
287 3419 371 3488 votis
399 3420 529 3490 libenter
550 3422 877 3504 condescendamus,
910 3446 968 3515 per

79 3544 108 3585 „
124 3526 195 3590 quae
230 3507 415 3577 monasteria
438 3511 529 3580 nobis
550 3508 686 3597 subjecta
707 3511 739 3578 in
761 3509 822 3579 suis
843 3530 971 3602 tempo·

80 3633 108 3685 r>
117 3594 234 3671 talibus
254 3633 268 3674 ³
308 3592 370 3667 stne
402 3601 516 3688 quibus
542 3597 711 3701 spiritualia
732 3599 788 3675 diu
809 3598 967 3670 subsistere

808 3727 838 3771 ar
849 3711 967 3786 ¹¹qu-
