2406 4236
270 293 308 379 β
509 290 895 360 Anavannrn

117 389 215 463 Anno
265 381 365 458 diae,
397 380 452 467 qui
486 381 579 450 tertio
608 379 681 472 Post
714 400 799 446 anno
835 379 916 447 obiit
944 373 1006 445 line
1028 378 1156 463 liberis,

118 500 217 569 ¹1530,
265 492 332 556 quo
365 471 456 539 rediit
488 471 719 541 Mannnnern
741 468 773 535 in
797 464 1006 536 Germaniam
1027 471 1069 538 ad
1089 472 1152 541 Pa·

262 576 354 627 trem.

308 648 373 731 Hic
401 671 475 720 cum
503 664 591 717 tutor
612 643 687 714 ellet
707 647 843 716 Canon
865 644 1018 738 Principis
1032 635 1153 728 nostri,

261 759 334 805 eam
364 739 396 806 in
418 737 557 806 absentia
580 732 636 803 sua
655 734 919 804 Gubernatricem
942 734 1029 804 dedit
1040 736 1154 830 Belgio

261 825 372 896 nostro
394 869 406 905 ‚
437 828 547 914 inqua
566 824 728 893 fimelione
750 825 963 916 emancipatus
981 822 1153 896 Canoaus

259 936 333 982 eam
357 918 557 991 continuavit
584 911 735 1002 usquein
761 913 847 982 hunc
874 934 994 982 annum
1022 936 1150 1004 ¹530*

259 1025 327 1090 quo
363 1004 547 1076 Mechliniae
572 1003 653 1071 obiit
682 1026 709 1071 1.
725 1003 908 1072 decembris.
945 1002 1065 1072 Mulier
1087 1024 1153 1074 erat

257 1088 534 1184 prudentiffima‚
571 1098 604 1159 &
640 1090 772 1159 nascenti
816 1090 922 1160 haereli
960 1090 1151 1162 Lutheranae
1187 1103 1191 1109 ’

258 1200 337 1248 cnm
367 1177 488 1265 affeetu
526 1183 561 1251 in
593 1179 641 1247 his
677 1205 710 1247 re
732 1180 857 1248 ionibus
889 1181 951 1250 lese
987 1181 1163 1273 opposuit*

258 1267 385 1338 Litteris
419 1292 547 1359 quoque
584 1202 786 1338 excultiliima
819 1269 1058 1361 plura‘reliquit
1079 1288 1149 1340 tum

256 1356 353 1448 proli
377 1376 448 1427 tum
471 1359 599 1437 versu,
631 1359 711 1426 inter
732 1359 793 1426 alia
814 1361 1057 1454 Descriptionem
1095 1382 1152 1426 ca-

254 1448 437 1517 demiratum
463 1448 610 1539 sicarum.
655 1446 770 1517 Oratio
793 1449 931 1518 fimebris
955 1445 1019 1533 ejus
1042 1445 1150 1515 habita

254 1538 318 1604 fuit
346 1561 402 1627 per
428 1543 604 1608 Henricum
626 1539 804 1606 Cornelium
830 1541 868 1604 A
905 1542 980 1629 ippa
1006 1533 1151 1604 consilia·

254 1623 341 1692 rium
366 1625 487 1714 ejus&
510 1625 813 1730 historiographum.
881 1624 931 1694 ide
957 1625 1041 1715 Fop.
1060 1625 1146 1713 Bibl.

257 1711 347 1802 Belg.
371 1737 445 1805 pag.
463 1718 538 1803 844.
560 1721 594 1782 &
616 1715 705 1787 altos.

303 1802 439 1886 Principi
462 1802 536 1870 huie
558 1805 590 1870 in
616 1801 842 1894 gubernatione
864 1798 962 1891 Belgii
985 1820 1072 1868 anno
1097 1802 1147 1870 se-

64 1921 241 1977 mmam
258 1891 365 1978 quenti
402 1887 533 1960 suffecta
568 1889 612 1959 est
645 1891 774 1961 Maura
811 1890 1016 1958 Auerniaca
1054 1889 1147 1959 soror

61 2001 90 2060 ορ
121 1986 247 2062 Guberna-
262 1981 404 2049 Canon
419 1982 460 2049 V.
485 1981 581 2048 vidua
604 1979 787 2046 Lunovrcr
812 1978 906 2069 Regis
924 1978 1145 2087 Hungariae&

55 2061 103 2100 ¹¹²¹
125 2051 211 2117 ”dm
261 2068 424 2140 Bohemiae
451 2109 464 2149 ‚
493 2093 564 2158 quae
593 2068 647 2139 has
678 2068 819 2161 regiones
836 2068 1023 2159 gubernavit
1049 2066 1148 2154 usque

187 2216 189 2220 ,
257 2159 440 2243 adamum
470 2179 563 2245 1555·
590 2201 603 2238 ‚
635 2181 703 2247 quo
733 2155 872 2226 Carolus
898 2154 1031 2224 ditiones
1059 2151 1144 2227 cellit

254 2248 428 2317 Parmeno
449 2244 528 2317 filio.

60 2393 98 2440 ne
154 2398 178 2444 C
298 2337 914 2408 Diousflenn.c0nn.nen1m
948 2376 961 2414 ‚
1004 2337 1145 2404 famolus

58 2406 236 2516 Agfisspafflj
278 2441 387 2512 ropter
422 2425 589 2514 opiniones
648 2425 800 2491 aradoxas
831 2429 864 2490 &
898 2421 1139 2502 intolerabiles,

59 2519 155 2586 venie·
252 2443 316 2578 Eoo
354 2528 499 2601 tempore
533 2445 714 2578 vernalem:
745 2509 927 2613 Antverpiae
965 2535 978 2587 3
1012 2510 1066 2577 ubi
1104 2533 1142 2578 ex

184 2682 186 2688 Ι
250 2598 387 2669 secunda
412 2621 511 2667 uxore
538 2622 588 2686 ¹3·
601 2599 703 2665 martii
726 2619 820 2682 ¹529·
846 2621 873 2664 er
890 2615 981 2666 natus
1000 2597 1043 2666 est
1061 2593 1145 2668 filius

250 2684 414 2773 abintus,
449 2689 501 2777 qui
530 2685 633 2756 mense
674 2684 822 2790 Augusto
854 2687 972 2754 ibidem
995 2689 1144 2757 moritur.

250 2776 328 2847 Erat
361 2777 509 2846 Coloniae
549 2776 649 2844 nobili
676 2776 794 2844 familia
817 2794 907 2845 natus
929 2798 1014 2844 anno
1045 2776 1141 2864 14'86.

248 2865 423 2967 portentosa
467 2867 581 2959 ingenii
623 2865 782 2954 vastaeque
820 2867 985 2933 memoriae
1023 2904 1036 2941 ‚
1087 2863 1141 2934 sed

249 2955 358 3044 judicii
382 2955 463 3024 ultri
481 2957 619 3024 modurn
645 2957 753 3024 critici.
791 2952 909 3022 Parisiis
931 2951 1141 3040 Antverpiam

251 3043 349 3109 venit.
394 3042 519 3109 Eodem
559 3063 666 3111 autern
700 3061 877 3131 tempore,
913 3064 999 3107 anno
1024 3062 1141 3135 nempe

255 3147 351 3212 1529.
374 3128 523 3198 invitatus
543 3152 600 3219 per
621 3131 797 3198 Hernicum
815 3127 900 3196 Vlll.
918 3129 1051 3220 ·Angliae
1073 3131 1142 3200 Re·

274 3239 324 3285 cm
353 3259 364 3297 ,
396 3239 450 3309 per
475 3217 707 3286 Cancellarium
734 3218 874 3286 Canon
890 3218 930 3286 V.
951 3258 965 3295 ‚
995 3242 1052 3312 per
1076 3218 1142 3290 Ita·

251 3237 301 3377 lae
326 3307 503 3400 Principem
537 3312 569 3374 δι
606 3330 663 3399 per
700 3307 915 3399 Margaretam
941 3307 1141 3380 Austtiacam

249 3395 349 3488 llelgii
385 3394 682 3473 Gubernatricem,
714 3394 807 3484 hujus
838 3396 1059 3468 invitationem
1086 3423 1141 3469 ao-

251 3501 378 3573 ceptans
410 3487 501 3556 titulo
544 3484 799 3578 Historiographi
822 3483 1021 3640 lmgeratoris
1043 3486 1141 3554 deco-

250 3592 334 3642 ratus
352 3573 431 3652 est,
470 3581 502 3644 δι
528 3576 559 3644 in
589 3598 625 3643 ea
652 3574 796 3659 qaralitate
819 3573 867 3641 edi
891 3574 914 3644 it
938 3598 1017 3646 mox
1038 3572 1138 3640 histo-

248 3662 330 3733 riam
371 3663 586 3738 coronationis
625 3664 707 3737 illius
751 3662 987 3756 Imperatoriss
1011 3668 1046 3732 δι
1068 3684 1140 3825 agiu

1120 3773 1143 3834 ll
