2370 4244
225 294 291 365 114
473 274 865 346 Aurveairt
943 306 945 310 ·

76 361 174 445 Anno
264 391 290 461 η
303 365 423 434 Datum
449 365 567 434 Romae
612 365 697 458 apud
712 363 870 520 rlendium
890 363 1025 453 ¹Petrum
1057 354 1115 441 suli

80 452 175 540 1548.
220 454 357 546 „tigillo
383 450 479 538 officii
504 456 666 523 Primarlae
697 452 751 522 ΙΙ.
784 477 860 524 non.
897 479 974 547 may
1009 460 1118 529 Ponti·

215 584 240 625 ,‚
255 540 364 614 ficatlu
390 544 467 613 ¹Dni
497 545 605 613 Pirum
630 545 692 612 PP.
704 542 760 612 111.
781 566 865 612 anno
901 549 1115 636 quarto-deci·

221 656 324 720 tamo·
1164 694 1165 697 =

266 721 424 794 Pontifici
452 723 484 790 hi
511 721 762 801 commissarii,
795 744 871 791 curn
898 745 1005 816 preces
1028 728 1112 796 veri«-

29 820 198 879 vendunturi.
222 832 301 882 tate<
328 815 380 881 niti
419 811 641 905 comperillent
676 844 690 892 9
731 812 916 880 audioritate
954 814 1114 906 pontificia

27 899 206 1003 mmmm·
221 902 437 973 eoncelserunt
492 903 647 970 Alexianis
695 901 876 971 facultatem
925 902 1133 973 divendendi'

128 982 136 1001 ⁸
220 993 363 1084 primum
389 991 614 1060 monasterium
644 1013 719 1059 cum
743 989 875 1082 Capella
900 991 942 1057 ad
963 996 1114 1083 profanos

222 1082 306 1150 ulus.
364 1081 483 1150 Fratres
522 1098 625 1150 autem
667 1079 741 1170 post
773 1069 844 1147 lta'e'c
881 1096 1008 1148 moram
1050 1088 1115 1151 non

113 1223 116 1230 1
188 1228 195 1250 ,
220 1181 412 1248 traxerunt,
448 1170 501 1237 sed
526 1168 626 1237 statim
655 1165 914 1260 transmigrlrun't
937 1169 977 1236 ad
1000 1192 1116 1240 mona-

223 1257 350 1327 sterium
379 1301 391 1336 ,
423 1258 512 1346 quod
551 1255 738 1327 inchodrant
762 1275 774 1326 ἐ
811 1263 844 1326 &
885 1257 1027 1349 primurn
1060 1280 1116 1352 per

223 1369 325 1440 partes
349 1344 624 1426 diven'diderunt‚
659 1368 715 1438 per
742 1345 830 1436 cujus
857 1346 993 1414 flandum
1019 1347 1115 1418 dudio

225 1435 268 1504 est
291 1437 393 1528 platea
414 1434 501 1506 dieta
526 1436 564 1504 de
590 1433 854 1524 Vleminxdlraet.
895 1433 1043 1506 AEdifieia
1062 1461 1117 1506 au-

223 1545 289 1594 tem
328 1526 393 1600 ¹illa
448 1530 488 1594 ’δι
534 1526 667 1615 Capella
724 1521 766 1593 sio
814 1524 959 1617 deinceps
1012 1527 1115 1597 diruta

224 1617 336 1692 tunt,
381 1635 417 1684 ut
460 1614 499 1684 nd
547 1614 715 1707 vestigium
754 1612 885 1682 illorum
930 1612 1028 1684 hodie
1057 1639 1116 1708 ap·-

226 1722 344 1795 pareat.
545 1773 549 1780 ,

271 1791 322 1861 Sic
348 1792 453 1881 itaque
477 1794 597 1862 Fratres
620 1792 664 1860 illi
688 1789 791 1860 coeni
815 1790 888 1860 sunt
903 1791 1060 1874 deserere,
1082 1800 1116 1865 de

32 1861 213 1972 irmintrudi
228 1881 430 1951 deseruerunt
458 1885 596 1974 primam
619 1880 708 1950 suam
736 1882 872 1971 domum
896 1913 909 1959 9
943 1905 1040 1970 quam
1062 1904 1116 1974 per

228 1971 439 2040 ducentos&
464 1989 523 2039 tres
547 1993 646 2039 annos
671 1969 919 2045 inhabitaverant
942 1996 954 2048 ;
981 1977 1012 2038 &
1032 1983 1115 2040 tran·

141 2133 143 2137 ,
228 2058 344 2128 fierunt
367 2060 407 2126 ad
436 2082 560 2128 novum
584 2058 847 2137 monasterium,
884 2058 972 2146 quod
994 2060 1026 2127 in
1054 2061 1116 2130 lato
1167 2134 1168 2139 ἵ

224 2150 328 2218 lundo
368 2145 614 2240 magnificentilts
647 2164 828 2217 extruerunt
858 2170 934 2215 cum
956 2149 1116 2217 stendida

228 2230 396 2329 Capella,
431 2261 503 2325 quae
540 2238 681 2306 dedicata
716 2239 843 2304 refertur
882 2238 913 2304 8.
937 2173 1005 2321 julii
1030 2260 1115 2305 anno

231 2329 327 2410 5550.
372 2329 520 2395 Domum
554 2345 656 2395 autern
694 2325 780 2393 illam
817 2325 911 2411 usque
933 2327 965 2391 in
989 2327 1130 2394 hodier-·

228 2437 307 2482 num
370 2415 454 2482 diem
499 2416 532 2482 in
582 2415 715 2506 regulari
759 2411 952 2482 observantia
994 2415 1117 2484 inhabi-

228 2516 305 2573 tant.

79 2761 84 2772 ⁸
274 2682 361 2759 Cum
398 2675 580 2776 Concilium
621 2672 885 2766 Tridentinum,
928 2676 1116 2755 inchoatum

41 2756 217 2873 ῗὼωξηξζξῖζ
231 2794 315 2839 anno
347 2791 442 2858 1545.
468 2812 479 2848 ,
511 2767 690 2838 transsatum
722 2778 755 2838 dc
792 2773 974 2866 suspensum
1007 2771 1081 2843 ellet
1108 2808 1120 2850 9

53 2840 94 2876 ω
206 2857 392 2931 'Canonus
408 2862 445 2928 V.
477 2860 517 2926 ad
541 2856 769 2950 pacificandam
789 2862 995 2932 Germaniam
1022 2862 1118 2931 edidit

231 2949 635 3043 Augustae-vindelicorum
684 2971 734 3037 15.
745 2974 820 3040 may
842 2975 927 3018 anno
959 2953 1052 3037 1548.
1073 2952 1120 3017 fa·

107 3016 112 3022 i
229 3043 361 3107 molum
408 3037 611 3105 lNTERlM
663 3042 846 3108 conludium
919 3064 952 3107 er
988 3039 1117 3108 seledloa

234 3123 458 3215 Theologosr
492 3149 558 3213 quo
580 3125 800 3204 statuebatur,
839 3065 968 3216 qualiter
994 3127 1118 3196 Catho-

230 3215 280 3285 lici
313 3213 349 3283 δι’
368 3212 542 3281 Lutherani
568 3215 599 3278 in
623 3215 749 3288 materia
780 3216 955 3308 Religionis
977 3217 1009 3285 se
1032 3240 1119 3309 gere-

229 3325 299 3375 rent
324 3304 537 3393 ,donceper
560 3301 782 3371 relumendum
807 3306 991 3376 Concilium
1014 3305 1117 3393 quaes·

234 3396 334 3461 tiones
369 3392 479 3460 decil'ae
513 3394 627 3460 forent.
670 3388 731 3458 Sed
754 3415 829 3461 cum
854 3394 1006 3464 Edittum
1032 3392 1116 3463 istud

234 3484 332 3549 neutri
364 3482 444 3572 parti
476 3479 647 3573 placeret,
682 3479 828 3582 plurimae
858 3484 931 3550 inde
956 3481 1117 3551 dillensno·

234 3593 286 3640 nes
327 3569 465 3637 subortae
490 3572 570 3637 lunt.
602 3569 638 3635 In
662 3566 709 3635 hu
732 3589 837 3638 autem
861 3573 1040 3663 regionibus
1065 3572 1118 3639 de*

231 3659 323 3754 luper
349 3660 479 3748 quaestio
498 3681 565 3730 non
595 3657 690 3756 fuit,
725 3681 801 3730 cum
816 3657 962 3733 hedenus
986 3661 1117 3817 Religio

987 3767 1037 3819 cal
1060 3771 1123 3820 01·
