2370 4244
154 190 260 264 ·240
470 167 868 249 hnrrnnrra'.

49 262 149 335 'Anno
193 261 372 348 „nitatibus
406 265 440 328 δι
473 260 658 329 ceremoniis
684 279 698 338 ,¹
733 261 766 327 in
808 259 919 330 talibus
945 256 1089 336 adhiberi

56 354 152 442 '1563-
191 350 387 435 „consuetis
423 349 702 430 ,“celebrandam
735 346 931 418 Autboritate
959 350 1086 422 σοίῆ

194 483 220 525 ,,
233 435 393 510 ordinarii
428 444 463 506 δι
494 433 665 528 pontificali
703 435 872 521 institui&
896 437 1087 512 authorizati

195 573 221 611 „
247 525 436 618 ummopere
473 521 652 605 affetilant3
677 522 796 594 idcirco
826 527 919 595 nobis
955 520 1089 605 humili-¹

99 635 102 642 '
199 639 280 701 „ter
292 615 462 710 supplicari
500 617 642 683 fecerunt
674 647 688 692 5
722 614 868 701 quatenhs
901 614 1087 704 hujusmodi

198 708 321 790 „diem
371 702 591 782 Dedicationis
620 725 695 781 curn
752 699 923 772 roceffione
961 702 1087 797 lingulis

200 796 325 878 „annis
353 814 414 885 pro
452 791 609 884 perpetuis
646 793 716 860 futu
746 816 760 860 s
798 795 995 884 temporibus
1019 793 1088 886 ipss

200 930 224 967 ,‚
237 879 408 969 Dominich
431 881 504 971 post
522 878 634 949 festum
658 877 818 967 divifionis
830 880 1085 974 Apostolorum,

196 992 271 1056 „ut
291 969 516 1064 praemittitur,
538 969 754 1037 celebrandam
769 994 781 1048 3
794 967 856 1039 'nec
877 992 944 1037 non
970 993 1088 1058 quam-

198 1064 312 1146 „dam
348 1061 732 1131 Conrnnrenmmrrn
760 1059 798 1127 de
821 1062 955 1150 praefato
974 1061 1085 1135 sanun

198 1151 457 1233 ,sSenasmauo
487 1148 519 1215 in
546 1146 631 1217 dicta
653 1145 783 1237 Capella
805 1149 918 1240 erigere
942 1153 976 1217 δι
1001 1148 1086 1219 insti.

198 1259 318 1323 „tuere
341 1280 353 1318 ‚
385 1261 423 1305 ac
443 1235 613 1304 institutam
636 1233 793 1303 observari
814 1238 999 1318 mandare,
1035 1240 1085 1330 ip·

200 1330 364 1416 „lamque
395 1324 561 1414 Capellam
595 1323 683 1394 indul
723 1325 865 1403 uriarum,
902 1326 1085 1398 muneribus

198 1463 225 1502 „
239 1417 390 1506 decorare
415 1413 600 1486 authoritate
625 1438 668 1484 σο
710 1411 903 1506 dpraediua
928 1415 1082 1497 vellemus

199 1551 224 1590 „
240 1513 272 1577 δι
301 1507 513 1598 dignaremur.
848 1529 852 1535 ·

245 1597 359 1677 „Nos
385 1595 477 1686 igitur
503 1616 615 1663 eorum
641 1593 701 1686 piis
719 1592 1001 1688 supplicationibus
1014 1618 1087 1665 mo·

197 1727 221 1766 „
233 1708 266 1755 re
281 1687 327 1774 pii
348 1684 470 1763 Patris,
489 1701 651 1772 tamquam
678 1680 764 1771 justis
777 1689 810 1753 &
822 1683 967 1763 devotis,
991 1688 1103 1754 favo.

199 1773 369 1857 „rabiliter
400 1772 571 1852 inclinati,
607 1771 763 1862 cupientes
793 1772 878 1865 ipsos
914 1773 947 1841 iu
971 1794 1085 1847 eorum

195 1880 298 1944 „tam
321 1859 379 1952 pio
406 1902 419 1939 ,
455 1879 583 1949 tamque
619 1861 767 1930 laudabili
804 1857 975 1954 propolim
1008 1886 1088 1945 corte

199 1952 378 2034 „fovere‚
410 1946 515 2017 Nobis
545 1949 651 2039 placet'
689 1955 723 2017 δι
762 1951 801 2018 de
840 1947 947 2044 ¹grarid
983 1948 1088 2025 nostri

201 2037 440 2123 „concedimus
461 2033 476 2104 l
498 2037 606 2115 eciali,
635 2055 671 2106 ut
693 2039 779 2107 annis
805 2037 929 2132 singulis
953 2040 1035 2117 loco,
1052 2047 1093 2113 δι.

201 2130 290 2210 „die
313 2125 407 2221 supria
424 2059 522 2199 ¹digis
548 2126 712 2195 Dedicatio
739 2127 802 2196 und
824 2151 899 2196 curn
913 2125 1087 2221 ptoceiho·

201 2243 277 2300 „ne
304 2240 341 2287 ac
388 2215 541 2285 delatione
572 2212 746 2308 imaginum
781 2217 906 2305 aliisque
937 2217 1090 2289 solemni·

202 2309 354 2390 „tatibus
377 2313 408 2376 &
435 2305 618 2374 ceremoniis
642 2306 798 2397 praedidis
823 2305 836 2397 l
848 2290 1099 2378 convocatisad.

201 2440 226 2489 ‚2
238 2396 323 2465 illam
350 2394 436 2463 clero
464 2432 476 2470 ‚
517 2395 644 2487 populo
663 2393 912 2486 &parochianis
936 2397 1090 2475 locorum

200 2528 226 2566 „
238 2482 563 2568 circumvicinorum)
585 2480 774 2574 fieri-pollet
794 2504 886 2570 atque
909 2484 1088 2565 celebrari,

199 2573 341 2657 „eidem
364 2571 564 2640 Dedicationi
585 2572 688 2639 modo
713 2573 876 2662 praemillo
894 2572 1089 2649 celebrandae

200 2659 385 2746 „nostrum
425 2652 610 2729 consensum
649 2665 826 2752 praebemus
849 2668 883 2731 &
906 2660 1092 2744 allenium,

204 2774 276 2835 „ac
313 2748 412 2862 ipsam
459 2750 521 2818 und
556 2772 630 2844 cum
668 2745 863 2842 procelirone
899 2750 1091 2823 authoritate

200 2838 341 2924 „nostra
386 2835 543 2908 ordinarii
578 2845 611 2908 dc
650 2836 854 2931 pontificali,
887 2839 983 2919 nostri
1009 2864 1090 2915 cunt

202 2974 226 3012 „
240 2920 470 3019 interpohrione
496 2928 644 3009 decreti,
679 2931 782 2998 modo
810 2927 969 3021 ptaemiffo
994 2928 1088 3001 insti·

199 3063 223 3100 „
239 3021 357 3088 tuimur
378 3024 411 3086 δι
435 3010 673 3086 authorizamus
694 3018 892 3109 praesentium
956 3037 1091 3087 tteno·

204 3153 228 3189 ,‚
242 3128 308 3174 rem
337 3131 351 3182 3
391 3124 483 3191 atque
521 3104 634 3173 eisdem
681 3108 826 3196 quoque
840 3108 897 3198 lup
932 3105 1091 3181 icautibus

201 3192 441 3284 „concedimus
463 3199 496 3258 δε
519 3193 741 3282 indulgemus,
764 3216 799 3264 ut
828 3199 867 3266 de
907 3196 973 3265 ‘uo
998 3196 1090 3268 sane·

201 3304 270 3367 „to
317 3277 495 3350 Sebastiano
542 3280 839 3354 Confraternitatem
887 3286 1088 3379 praepetitam

200 3416 224 3453 ‚‚
237 3374 294 3442 sub
322 3370 410 3441 certis
442 3368 546 3440 modis
586 3376 618 3438 δι
656 3373 765 3441 formis
824 3373 978 3453 radoin,
1020 3376 1097 3449 lici-2

199 3465 274 3544 „tis
310 3468 342 3529 &
376 3458 512 3527 honestis
570 3482 607 3529 ro
640 3460 778 3554 iplarum
801 3397 985 3533 iitcrenone
1010 3486 1090 3532 con·

196 3594 223 3636 ,‚
240 3550 425 3644 cipiendis‚
459 3549 505 3635 in¹
536 3483 622 3620 ahda
662 3544 806 3643 capella,
830 3542 966 3624 lituiliter
1003 3551 1088 3639 iusti·

866 3662 869 3667 ’
971 3662 1092 3723 „illeso
