2370 4244
216 222 454 296 Currere
484 225 762 292 ‘extrenuos
877 243 938 314 ¹75

56 315 154 406 usque
195 315 228 384 in
268 314 466 384 hodiernum
501 313 586 381 diem
624 309 787 386 subsistit,
822 312 939 401 fertque
999 310 1095 379 Anno

58 428 181 493 nomen
207 404 284 476 diui
305 403 353 473 sui
374 401 562 472 firndatorisr
586 399 724 470 Scribani
734 402 944 490 Orrg.Antv.
1006 418 1103 489 1559.

52 513 134 598 pag.
152 514 225 582 113·

110 668 241 740 Senatus
278 666 362 759 juxta
399 665 522 739 Edida
544 665 672 738 sollicitd
709 666 874 762 invigilans
908 639 941 737 iit

55 759 209 828 ferrarios
235 798 248 840 ,
282 759 345 828 hoc
383 779 466 826 anno
504 757 609 848 plures
646 759 759 828 detexit
804 759 943 851 anabap·
966 760 1128 829 nnabntistrt

64 846 181 928 n'stas,
213 852 328 936 eosque
362 870 422 938 pro
443 847 555 915 merito
578 847 713 936 punivit.
744 867 799 918 22.
812 869 890 936 may
913 848 946 915 in
959 835 1100 896 ΡΜ·

64 959 185 1007 carcete
202 951 215 1012 '‚
247 935 295 1005 ber
318 941 406 1006 Sreen
438 974 452 1011 ‚
488 952 592 1002 morte
616 934 699 1023 plexi
722 933 793 1004 sunt
810 937 948 1023 quinque

65 1024 263 1116 anabaptistae
295 1031 329 1094 δι
366 1022 514 1116 postridie
538 1021 671 1090 summo
695 1044 788 1092 mane
814 1047 950 1115 corpora

63 1137 179 1184 eorum
230 1114 315 1183 extrd
372 1113 532 1180 civitatem
577 1111 652 1180 rotis
685 1111 757 1180 sunt
789 1111 948 1205 imposita.

64 1200 175 1272 Mense
214 1203 306 1289 junio
345 1202 394 1267 die
407 1214 440 1268 6.
464 1200 497 1265 in
522 1199 635 1268 eodem
671 1222 792 1271 carcere
819 1222 879 1272 tres
904 1206 952 1272 fe·
1084 1246 1091 1258 -

65 1291 161 1361 minae
186 1291 294 1360 itidem
335 1284 533 1379 anabaptistae
555 1289 588 1354 in
612 1286 708 1358 doleis
728 1291 854 1359 vinariis
872 1290 949 1360 sub·

65 1380 175 1448 mersae
213 1380 286 1446 sunt
316 1385 349 1445 Se
390 1399 526 1466 corpora
546 1399 655 1445 earum
679 1379 775 1448 saccis
801 1378 949 1470 imposita

65 1467 107 1537 de
130 1469 255 1534 Werva
284 1467 315 1535 in
340 1465 497 1535 Schaldirn
518 1464 590 1534 sunt
611 1463 763 1555 projed’ta.
795 1469 836 1537 Et
858 1489 949 1535 rnen-

64 1553 105 1624 srs
132 1555 199 1642 juiii
223 1554 273 1623 die
293 1577 338 1626 ιο.
367 1556 399 1623 in
429 1556 501 1622 foro
527 1573 632 1623 morte
659 1555 768 1646 plexus
793 1554 837 1624 est
857 1555 949 1627 sestae

63 1642 150 1712 illius
201 1641 366 1736 episcopus
402 1685 415 1722 ‚
457 1643 510 1730 qui
545 1642 664 1712 multos
695 1645 952 1736 rebapnzaverat.

64 1732 134 1802 Hic
168 1753 275 1802 autern
311 1732 500 1802 renuntiavit
537 1733 632 1800 errori
669 1737 702 1802 δι
735 1753 882 1807 mortuus
905 1734 949 1803 est

64 1819 265 1926 catholicus.
308 1823 396 1891 Curn
429 1841 575 1890 mortuus
613 1818 690 1925 esset
708 1820 812 1893 dextra
836 1845 949 1928 rpanus

67 1910 763 2104 mss,sttrpflsssriissstfszr
796 1917 950 2071 {2⁰33

66 2085 203 2176 sequenti
222 2088 395 2179 4januarii
417 2089 450 2157 in
473 2092 547 2157 foro
574 2088 684 2178 plexus
711 2089 756 2158 est
766 2090 949 2159 Franciscus

66 2176 151 2245 Raet
191 2175 427 2269 Typogtaphus
459 2217 472 2256 ‚
519 2173 559 2243 ed
592 2179 681 2262 quod
717 2177 826 2244 contra
856 2180 952 2268 Regis

62 2264 185 2344 Edicta
219 2267 315 2335 libros
346 2265 436 2354 prelo
470 2263 632 2342 edidisset,
658 2267 747 2350 quod
776 2273 893 2332 crimen
925 2266 954 2332 ei

65 2351 188 2513 plhuries
208 2351 371 2509 ‘emmim
392 2348 544 2421 continuo
553 2353 726 2422 iteraverat.
745 2352 956 2448 Amwerpscsr

117 2467 183 2511 ron.
225 2467 277 2511 a.
336 2492 345 2511 .

112 2459 324 2625 Anabipistie
343 2531 408 2601 hoe
429 2550 572 2624 tempore
593 2533 774 2624 Antverpiae
800 2534 842 2606 ita
865 2536 950 2605 mul·
969 2544 1058 2595 Eorum
1066 2539 1133 2619 secte·

69 2618 199 2712 tiplicati
231 2639 316 2691 etant
341 2662 354 2701 ‚
389 2639 423 2690 ut
443 2622 559 2689 domus
588 2645 651 2689 una
673 2622 791 2691 secretis
814 2647 954 2694 conven·
967 2609 1133 2720 mevenn-

68 2708 172 2778 ticulis
195 2731 262 2775 non
283 2706 447 2778 sufficeret.
478 2709 525 2777 lta
546 2707 649 2778 scribit
670 2710 736 2778 hoc
755 2733 840 2779 anno
859 2733 954 2798 1557.

71 2817 130 2866 ιι.
151 2795 233 2885 junii
263 2798 303 2865 ad
345 2797 537 2865 Embdenses
569 2797 739 2866 Adrianus
774 2799 955 2892 Haeresede

68 2885 273 2978 praedicutius
294 2907 420 2953 eorum.
450 2882 626 2973 Epistulam
645 2886 710 2972 ejus
735 2887 866 2978 desuper
877 2892 957 2959 Ant·

70 2976 191 3067 verpiae
212 2973 301 3044 dido
327 2974 377 3042 die
402 2972 509 3041 datam
544 2976 635 3041 refert
658 2974 800 3043 Eduard.
821 2978 959 3048 Meiners

70 3062 104 3131 in
138 3063 310 3134 vernacula
348 3061 555 3153 descriptione
590 3063 793 3134 heterodoxae
824 3066 958 3139 ecciesiae

68 3149 176 3222 frisse
231 3152 386 3222 orientalis
433 3148 515 3220 editi
549 3174 634 3221 anno
686 3157 780 3245 1738.
808 3161 900 3230 Part.
928 3164 958 3228 I.

69 3256 157 3394 pain
174 3263 249 3396 ³ilia
285 3347 388 3398 autem
425 3329 554 3421 epistola
585 3349 676 3402 notat
713 3335 871 3402 Adrianus
893 3373 905 3412 ‚
927 3332 957 3402 se
973 3313 1134 3433 ffl‘ffis‘

69 3438 141 3506 pant
175 3418 247 3485 tnde
282 3416 458 3487 monachos
490 3420 611 3506 aliquos
634 3419 812 3510 pervertisse
837 3444 847 3488 :
874 3446 957 3512 quos

78 3504 208 3575 alendos
230 3504 371 3575 mittebat
391 3508 433 3575 ad
455 3508 646 3587 Embdenses
667 3552 679 3588 ,
712 3510 785 3597 quia
810 3508 863 3580 hic
888 3534 960 3582 ma·

77 3617 151 3665 nere
165 3593 234 3690 ⁸iliis
257 3610 362 3667 tutum
383 3618 449 3666 non
474 3615 537 3669 erat
560 3598 605 3666 ob
624 3598 853 3672 observantiam
866 3600 963 3669 Edic-

791 3727 816 3769 η
831 3706 963 3772 iorum)
