2370 4244
76 367 78 373 .
247 285 476 361 enniano
512 293 790 360 cnts'ernc.
844 299 950 380 ‚12'7

53 365 153 451 libros
178 375 357 471 prohibitos
381 384 400 454 ,⁸
426 395 481 445 aut
509 394 632 448 teneant
653 377 896 469 conventicula,
917 387 951 450 dc
1016 379 1112 453 Anno

56 472 97 539 de
122 470 253 536 illorum
275 467 459 536 fautoribus.
1019 487 1114 562 1550.

104 580 136 626 2.
164 559 327 625 Delatores
371 579 435 624 non
480 551 612 646 poffunt
656 551 772 625 affumi
815 558 848 626 in
892 574 951 630 tes·
1095 564 1098 573 “

107 731 344 825 3.lnquisrtores
428 751 530 821 terunt
567 756 685 804 vocare
714 734 755 804 ad
780 734 952 806 dicendum

57 823 271 894 testimonium
309 847 523 911 quocumque
547 825 771 912 cujuscumque
794 825 952 892 conditio-

57 915 110 1072 ἒς
145 934 198 982 aut
237 910 338 982 statiis.
388 915 457 1000 Qui
484 914 659 991 recusant,
692 912 892 982 habebuntur
919 927 953 982 ut

95 1023 208 1071 utores.

106 1116 138 1180 4
152 1090 274 1161 Omnes
294 1090 446 1160 locorum
473 1085 628 1159 Officiarii
643 1088 796 1165 auxilium
809 1087 955 1183 prestent

58 1172 305 1271 Inquifitoribus.
622 1197 624 1201 ·
737 1218 739 1224 ·

108 1293 137 1356 ς.
148 1268 179 1338 Si
228 1270 278 1337 uis
302 1267 454 1370 probatus
481 1267 572 1339 fuerit
597 1266 760 1339 haereticus
784 1274 816 1338 δι
829 1289 956 1340 contra-

55 1360 179 1517 generit
243 1355 334 1424 didhs
371 1356 534 1435 Caesaris,
568 1380 623 1427 eos
645 1358 839 1450 apprehendi
864 1379 956 1429 cura-

80 1466 150 1518 unt.

107 1550 140 1621 6.
154 1530 374 1622 Apprehensur
418 1531 443 1602 sr
467 1529 685 1613 ecelefiafficm
724 1535 955 1603 carentem-

58 1622 125 1695 cilii
150 1623 348 1714 provincialis
372 1623 424 1691 vel
450 1622 613 1692 Ordinarii
636 1623 953 1716 mancipabiturrlnae

57 1710 220 1804 quilitores
244 1712 353 1781 contrd
371 1736 446 1781 enm
473 1713 702 1804 procedent&
726 1710 879 1783 affument
899 1712 947 1781 se-

58 1825 134 1873 cum
175 1802 314 1890 aliquem
339 1801 389 1868 vel
412 1802 535 1890 aliquos
562 1802 601 1869 de
627 1800 779 1872 Concilio
804 1803 846 1871 ad
871 1797 953 1873 diffie

58 1893 212 1961 mendum
238 1888 430 1981 procellam.

57 2071 60 2075 ι
106 2004 139 2070 7.
151 1980 297 2070 Quando
316 1977 486 2070 lnquisrtor
505 2004 581 2051 curn
604 1978 736 2060 consilio
763 1980 897 2069 alicuius
912 1979 951 2049 de

59 2068 213 2140 Concilio
265 2069 435 2139 decreverit
471 2070 608 2158 aliquem
648 2069 887 2163 degradandum
918 2077 951 2138 δε

61 2159 158 2228 curiae
194 2156 324 2227 seculari
358 2159 545 2228 tradendum
571 2200 584 2236 ‚
619 2156 842 2249 degradatione
870 2156 953 2225 faffl

63 2245 252 2314 Concilium
291 2247 486 2333 provinciale
523 2247 574 2314 vel
593 2245 689 2333 judex
712 2244 774 2311 loci
791 2246 953 2313 ¹tenebitur

60 2334 166 2404 statim
191 2330 346 2419 ejusmodi
370 2332 552 2402 sententiam
574 2332 750 2401 executioni
776 2334 951 2413 mundare,

61 2438 163 2516 prout
185 2426 225 2490 de
248 2419 329 2510 jure.

110 2515 142 2580 8.
152 2509 183 2580 Si
220 2508 335 2580 laicum
368 2509 519 2584 invenerit
561 2505 788 2581 contraveniffe
814 2506 955 2582 Ordina-

62 2592 203 2672 tioiribus
234 2599 402 2682 Calatis,
438 2602 679 2673 informationes
701 2603 953 2672 communicabit

57 2688 203 2759 'concilio
254 2689 417 2767 cesaris,
453 2691 541 2776 quod
574 2714 648 2761 enm
682 2690 953 2781 apprehendet&

63 2775 152 2871 juxta
172 2777 310 2845 formam
338 2778 532 2847 Edidtorum
585 2780 680 2847 uniet.

108 2863 350 2953 9.Inquis1totes
371 2860 528 2951 inquirant
571 2890 588 2932 e
608 2863 893 2955 Ludi-magistris,
915 2864 953 2958 de

61 2977 177 3026 eorum
203 2951 289 3021 fama
311 2958 372 3024 &n
667 2980 669 2985 ¹

104 3042 336 3150 ‘10.Inqnirant
359 3041 398 3110 de
421 3039 537 3123 libris,
565 3039 628 3132 ,qui
655 3038 955 3114 venduntur&im·

63 3153 275 3229 primuntur„
524 3161 528 3169 ·

110 3223 160 3291 Ex
192 3221 239 3290 his
273 3239 392 3315 patet,
425 3217 492 3311 qud
523 3221 555 3291 se
579 3221 746 3293 extenderit
770 3221 954 3306 Jurisdittio
966 3263 1105 3330 Juritdifflo
1117 3272 1147 3318 1„

65 3307 303 3398 inquisitorum.
328 3311 479 3395 Judicare
504 3314 662 3382 habebant
686 3312 725 3380 de
752 3308 956 3382 ecclesiasticis
971 3329 1120 3398 quruomm.

67 3398 200 3470 infectis.
242 3394 294 3466 De
318 3397 402 3473 laicis
426 3397 528 3481 verd,
551 3402 606 3490 qui
628 3419 848 3469 contraverent
862 3400 957 3471 Edic-

68 3491 107 3558 tis
129 3486 281 3645 Principis
306 3528 319 3566 ‚
351 3511 417 3556 non
444 3489 598 3565 habebant
618 3487 756 3578 judicare
783 3487 876 3577 :jam
898 3513 958 3560 au·

69 3596 133 3647 tem
156 3577 272 3644 Ediea
298 3575 608 3666 comprehendebant
632 3579 777 3654 omnia,
811 3602 880 3666 quae
906 3580 959 3649 vel

69 3664 253 3745 scandalum
292 3663 346 3735 vel
383 3665 598 3740 reductionem
630 3666 683 3738 rel
706 3665 966 3850 ἷεάἰιὶοιιὶιξὶιέκιῐὲτο
