2370 4244
225 172 470 248 Ctlnrsro'
503 171 770 243 erasisse·
874 174 945 240 'its

52 256 233 341 secederent
268 266 396 336 adies
433 262 608 369 provinciis
636 281 711 329 cum
736 254 861 327 familiis
884 257 947 328 suis
1013 254 1111 324 Anno

56 361 118 429 sub
143 352 331 450 gravissnnis
353 376 473 446 poents.
515 350 562 420 Ita
583 352 715 420 refertur
741 350 834 441 Dips.
856 351 946 438 Belg.
1017 360 1114 435 1547.

55 463 131 520 lom,
150 452 210 516 IV.
225 464 304 540 pag.
316 466 395 534 700.
666 463 670 475 ¹

102 624 226 696 Fratres
248 621 371 693 Cellitae
393 620 447 691 seu
472 618 617 689 Alexiani
636 619 846 688 Conventunt
856 616 949 688 suum
968 576 1073 709 aiii?
1072 597 1150 701 {12⁹ss

56 714 218 785 habebant
237 714 269 781 in
282 713 395 781 ‘media
417 711 549 781 civitatis
593 726 692 787 arte,
730 706 785 776 ubi
810 728 895 776 nunc
909 707 952 775 est
970 710 1083 776 misffl‘·

56 804 165 895 platea
189 801 227 872 dc
247 798 514 891 {flemina-straet.
581 797 661 890 upra
679 815 788 867 autem
813 796 955 866 vidimus

57 894 103 961 ad
146 915 198 963 an.
239 911 333 980 1527.
384 890 476 977 quod
514 931 527 967 ,
575 888 659 957 cives
708 887 850 954 timentes
905 886 956 954 in-

53 980 231 1052 fet‘iionem
265 994 539 1057 murmurarent,
574 973 615 1044 eb
648 974 737 1062 quod
773 975 850 1045 diui
875 977 957 1043 Fra-

54 1087 153 1150 tres,
187 1069 241 1159 qui
279 1094 318 1138 ex
355 1068 496 1136 instituto
535 1061 699 1153 quibusvis
732 1063 822 1155 aegris
859 1066 955 1133 etiam

56 1157 144 1251 pesse
182 1158 303 1228 infestis
322 1156 531 1226 inserviebant
554 1194 567 1232 ‚
603 1153 800 1246 praecipuam
824 1153 958 1223 civitatis

55 1267 180 1343 partem
202 1246 412 1317 inhabitarent
431 1243 693 1332 rquodAsexiani
711 1243 875 1323 timentes,
897 1244 955 1314 nd·

80 1336 190 1419 nando
213 1362 253 1407 ex
281 1333 464 1426 improviso
472 1333 581 1402 locum
599 1330 735 1401 deserete
747 1351 959 1424 cogerentur,

57 1358 98 1495 de
124 1423 281 1496 consensu
306 1426 445 1494 cinon
459 1423 501 1493 V.
527 1418 745 1511 acquisiverint
769 1419 953 1504 fundumitt
1033 1436 1044 1445 ’

54 1533 200 1585 extrema
232 1511 364 1581 civitatis
400 1531 489 1604 parte
527 1510 616 1602 juxti
635 1510 803 1601 Capellam
822 1506 957 1592 Jeme,

53 1604 101 1673 ad
138 1599 387 1673 construendum
426 1598 482 1669 fibi
513 1600 590 1669 inibi
616 1620 744 1666 novum
771 1597 957 1669 monasteri-

53 1714 140 1773 um,
161 1688 264 1779 edque
282 1691 322 1760 ali
409 1690 454 1761 do
475 1689 603 1760 transmi
624 1686 774 1758 randum.
814 1688 955 1772 Vettlm,

53 1804 135 1853 cum
165 1780 310 1851 Alexiani
357 1778 482 1851 aderitis
550 1708 718 1870 steqapsos
729 1778 839 1872 viginti
852 1802 953 1850 annos

55 1871 197 1943 necdum
236 1887 382 1963 pararent
415 1886 483 1940 tran
498 1868 721 1964 migrationem
762 1906 776 1946 ,
821 1867 954 1940 Senatus

56 1982 145 2029 anno
173 1979 304 2051 1547.‚
342 1959 383 2030 ad
407 1978 558 2031 ornatum
587 1957 880 2029 &decorationem
906 1961 953 2029 ci·

56 2049 200 2130 vitatis,
238 2056 272 2120 dc
307 2051 348 2119 ad
387 2050 616 2119 mercatoribus
650 2050 842 2118 commodas
867 2049 954 2119 sedes

53 2137 309 2236 procurandas,
338 2135 414 2230 ipsis
437 2139 604 2208 mandavit
627 2176 640 2214 r
670 2156 707 2206 ut
735 2136 767 2205 se
786 2137 956 2227 qulmpri·

55 2249 153 2297 mum
185 2227 227 2294 ad
259 2226 384 2294 diuum
416 2224 603 2314 acquisitum
638 2225 779 2291 fundum
807 2229 955 2292 transser-

51 2333 164 2393 rent‚
207 2319 241 2381 &
279 2313 561 2398 derelinquendum
604 2308 831 2382 monasterium
866 2311 956 2403 juxti

53 2404 260 2565 misenatem
303 2400 437 2473 Caesaris
480 2401 686 2472 divenderent
713 2401 763 2470 'ad
796 2410 961 2496 profanos·

97 2516 144 2563 us.

103 2582 246 2653 Alexiani
277 2581 381 2671 itaque
415 2579 583 2653 occasione
602 2580 698 2674 hujus
718 2584 862 2655 mandati
884 2609 952 2655 coe·
1054 2642 1060 2657 .
1150 2653 1153 2661 .

54 2690 173 2767 petunt
204 2672 321 2765 erigere
353 2686 480 2740 novum
500 2672 727 2742 monasterium
756 2676 788 2741 in
814 2677 920 2744 fundo
942 2637 1150 2759 ,noffifiiifff

54 2781 154 2850 quem
180 2777 251 2827 ante
271 2760 382 2852 viginti
407 2782 509 2829 annos
531 2759 759 2848 acquisiverant
782 2762 871 2852 juxti
888 2766 1111 2833 Ca-nastetium·

81 2848 172 2920 ellam
196 2847 299 2932 Jesus
324 2888 337 2927 ,
369 2869 469 2935 quam
490 2848 556 2933 jam
581 2845 779 2940 poffidebant
804 2852 959 2921 moniales

54 2873 279 3017 §.victorin
316 2958 387 3025 quae
420 2936 517 3004 etiam
553 2935 642 3026 juxti
682 2936 769 3005 illam
794 2936 859 3007 hoc
877 2957 960 3008 tem·

55 3048 136 3121 pore
167 3023 396 3097 monasterium
435 3021 491 3093 srbi
527 3027 719 3096 formabant.
763 3025 808 3098 Et
831 3027 958 3100 interim

57 3134 223 3189 recurrunt
260 3116 304 3186 ad
335 3114 531 3198 medem,
565 3115 811 3207 supplicantes,
850 3136 990 3209 quate·'

57 3206 118 3276 ntis
144 3207 292 3277 Pontifex
313 3206 470 3277 licentiam
512 3207 686 3276 concedere
709 3207 889 3300 dignaretur
916 3211 959 3280 ad

57 3293 298 3381 divendendum
324 3313 416 3365 vetus
447 3295 676 3365 monasterium
700 3302 734 3365 δι
759 3300 924 3391 Capellam
950 3342 964 3378 ‚

56 3385 154 3453 etiam
177 3383 218 3449 ad
241 3385 395 3476 profanos
417 3385 489 3454 usus
514 3410 524 3454 ε
549 3404 620 3454 tum
643 3382 733 3473 quod
751 3387 963 3458 coaddiessent

57 3473 102 3551 ¹ad
112 3470 397 3566 transmigrandum
408 3513 420 3551 ‚
431 3493 501 3544 tum
514 3471 605 3561 qudd
618 3472 693 3541 aliis
706 3474 890 3547 inchoatum
900 3501 964 3548 no.

60 3582 145 3659 ‚qum
158 3558 389 3633 monasterium
402 3561 552 3656 perficere
565 3582 633 3632 non
646 3560 781 3656 possent.

863 3659 962 3746 ·Pon7
