2370 4244
234 95 465 169 Centeno
502 111 765 165 onnscnrte.
871 112 937 182 297

54 190 124 262 rarii
166 184 320 283 coeperint
367 184 477 256 armati
528 184 610 253 exire
653 182 695 252 ad
738 182 824 251 suar·
848 202 938 274 prae,
996 177 1093 272 Anno

54 279 236 365 dicationes.
661 314 664 319 ·
1001 278 1099 360 1566·

86 370 207 436 'Notat
229 364 437 434 Wesembeek
457 378 501 456 pa
523 385 643 444 .119.,
666 359 754 450 quod
778 356 935 429 hoctem·
975 354 1105 446 4Juiii.

59 480 140 548 pore
162 457 289 524 Senatus
311 456 401 545 parvi
432 386 616 545 penderetur
644 492 656 529 ‚
688 445 842 537 eoquod
869 447 933 536 jam
951 511 995 562 eid
1009 510 1050 560 lie
1069 506 1124 558 ‘m

57 549 125 614 tam
160 544 212 612 lon
235 567 257 610 o
290 562 433 636 tempore
468 539 615 609 haddends
644 539 820 609 executioni
844 559 935 604 man·
955 526 1009 624 ,αξ
1018 525 1123 626 dmi

58 632 160 705 daffet
224 633 306 701 dida
338 629 461 723 (quod
484 629 730 720 persecutionem
756 623 876 716 vocat)
902 630 935 694 &
952 635 1051 704 preme.

59 723 149 812 quod
173 720 369 827 Magistratus
392 737 535 787 notanter
556 717 649 804 hujus
670 718 742 808 anni
764 718 842 784 odio
863 712 937 783 effet

55 812 260 902 religionarirs
286 850 298 887 ,
336 807 375 875 ed
413 807 505 895 quod
541 803 602 872 sese
638 804 695 872 iliis
729 823 793 872 tarn
820 804 938 872 fortiter

61 903 251 992 opponeret.
285 892 470 965 Glorioium
494 893 562 961 sand
590 891 740 963 fidelitatis
750 893 937 965 Senatorum

62 993 244 1075 nostrorum
287 984 502 1054 testimonium
526 983 634 1052 datum
660 985 700 1050 ab
719 983 939 1065 heterodoxo,

61 1079 117 1165 qui
153 1076 280 1146 existens
316 1070 529 1140 Peniionarius
565 1091 631 1139 tam
659 1070 757 1140 fidelis
786 1071 943 1151 senariis,

60 1185 187 1259 partem
220 1165 252 1229 in
291 1159 435 1231 fidelitate
467 1182 578 1229 eorum
615 1183 681 1227 non
717 1160 858 1238 habuit;
885 1159 939 1227 sed

62 1259 185 1329 evitans
203 1252 404 1321 sed’tariorum
427 1250 539 1319 odium
563 1249 785 1340 sempiternum
805 1243 943 1342 perfidiae

63 1343 222 1433 probrum
243 1340 322 1411 tulit.

111 1429 174 1497 Die
202 1450 230 1513 5.
243 1429 307 1522 julii
331 1429 443 1498 accidit
461 1423 476 1507 ,’
497 1446 533 1498 ut
552 1429 670 1497 domus
693 1426 840 1516 quedam
861 1423 942 1503 circd
986 1442 1109 1534 5,Juffi,

63 1515 272 1609 Redde-straet
304 1516 509 1611 conflagraret
545 1519 627 1587 circi
661 1538 780 1586 nonam
810 1517 941 1586 matitu·
999 1526 1003 1535 ’

62 1629 151 1677 nam.
203 1606 409 1677 Wesembeek
452 1608 658 1678 infortunium
706 1606 771 1674 hoc
809 1609 941 1675 referent
957 1599 1122 1675 ¹¹¹¹m¹¹i¹³⁰⁴

62 1697 141 1767 dicit
175 1736 188 1776 ‚
232 1698 315 1767 cives
353 1703 387 1765 δε
425 1697 547 1767 Incolae
596 1696 627 1764 se
660 1694 762 1765 debite
801 1691 943 1787 geiirsse‚
958 1661 1122 1782 fflmm‘e'

63 1786 132 1854 nim
159 1786 191 1854 in
213 1786 421 1877 extinguendo
446 1787 619 1864 incendio,
649 1784 718 1852 nim
741 1785 773 1850 in
796 1783 944 1854 cavendo
1032 1820 1034 1827 ¹

63 1875 217 1943 tumultu⁴
234 1880 256 1954 ’ς
289 1883 323 1943 &
360 1876 469 1942 omnia
512 1894 578 1941 tam
627 1871 771 1939 ordinate
816 1872 943 1961 peracta

64 1961 178 2041 finde,
203 1980 238 2030 ut
261 1961 461 2055 Magistratus
486 1963 528 2030 eis
553 1959 701 2051 postridie
720 1958 829 2049 gratias
840 1963 945 2050 egerit.
979 2014 988 2049 :

67 2047 187 2117 Venim
228 2046 467 2119 Ammchron.
496 2047 740 2137 pag.72.idem
764 2044 945 2116 incendium
973 2116 975 2121 ,

67 2140 237 2219 referens,
271 2137 344 2205 dicit
376 2175 388 2213 ‚
432 2137 521 2224 quod
555 2136 628 2203 inde
663 2132 744 2204 circi
782 2135 943 2204 meridiem

66 2228 213 2296 excitatus
250 2222 287 2296 fit
317 2246 449 2317 magnus
482 2225 633 2304 tumuitus
666 2265 679 2304 ‚
724 2242 946 2315 putareturque

66 2316 176 2386 civitas
206 2316 366 2407 prodita,
397 2315 546 2404 quodque
571 2311 759 2403 quibusdam
781 2315 945 2389 clamanti,

65 2406 126 2473 bus
158 2404 203 2472 ad
233 2403 323 2472 ceder
355 2445 367 2482 ‚
408 2404 453 2472 ad
488 2403 578 2472 cedes
605 2445 617 2482 ,
664 2427 717 2470 ma
740 2425 779 2470 na
804 2425 860 2493 per
878 2404 947 2494 pla·

68 2512 132 2562 teas
160 2494 338 2561 commotio
364 2494 493 2560 excitata
517 2490 553 2560 iit
576 2492 607 2560 in
626 2425 780 2583 popuim
809 2496 842 2558 δι
863 2513 947 2583 praeq

68 2579 163 2673 cipud
202 2580 235 2648 in
274 2583 347 2649 foro
387 2581 584 2670 gallinacio,
619 2582 661 2648 ira
698 2598 734 2649 ut
755 2576 866 2648 iteratd
886 2601 952 2672 ρος

67 2671 163 2763 polus,
204 2669 384 2738 discurreret
415 2671 526 2736 timens
577 2669 749 2760 generalem
777 2667 945 2748 cedem,
1029 2698 1032 2703 >

67 2755 202 2828 officinae
217 2757 441 2843 'claudebantur
454 2799 466 2837 ,
478 2756 561 2826 ficut·
575 2765 608 2826 δε
629 2776 723 2851 porta
741 2756 952 2826 meridionalis

70 2846 232 2919 Ecclefiae.'
263 2847 554 2935 infensumque,
587 2848 740 2916 tumultus
765 2845 841 2926 hic,
874 2845 974 2921 crim,

70 2935 145 3004 esset
173 2937 205 3003 in
244 2938 409 3016 meridie,
442 2934 505 3007 εἰτὸ
527 2934 664 3006 ceiiavit.
708 2935 816 3006 Surius
839 2936 949 3005 itidem
1025 3006 1028 3012 ,

69 3041 351 3115 contemporaneus
361 3031 391 3092 in
405 3033 568 3095 Commeat.
592 3045 665 3119 pag.
676 3029 750 3112 875.
773 3027 865 3099 dion,
882 3041 951 3091 tan-
995 3077 997 3083 .
1083 3060 1086 3068 ·

72 3133 143 3182 tum
168 3115 341 3182 tumuitum
367 3114 426 3183 hic
451 3113 624 3183 occasione·
644 3115 810 3181 excitatum
837 3109 954 3196 fuiffe,

73 3219 110 3270 ut
141 3198 198 3268 nisi
230 3199 394 3292 prudentii
431 3200 631 3292 Magistratds
665 3202 746 3268 itum
785 3197 856 3267 eiiet
891 3203 952 3267 ob·

64 3290 158 3393 ¹viam
182 3331 195 3370 ,
221 3291 339 3371 adium
377 3290 481 3378 frriffet
502 3291 541 3358 dc
566 3290 624 3379 iilo
651 3288 853 3378 celeberrimo
873 3288 955 3356 Em·

71 3402 177 3475 porro.
258 3434 262 3439 -

829 3498 956 3630 Eodem
