2370 4244
225 212 459 300 Curre-ro
497 220 789 290 eurseaue'·
867 219 929 285 '121

53 304 185 390 asserit,
214 332 250 391 ut
267 305 412 398 justificet
432 306 613 376 Lutherum
632 306 780 397 iprobro
803 346 815 384 ,
846 304 934 392 quod
996 303 1092 374 Anno

52 388 63 469 i
91 399 112 469 fi
151 403 401 493 imputabatur,
430 394 546 487 nempe
581 396 669 482 quod
693 395 940 485 Anabaptismus
1005 418 1100 487 1550.

67 515 108 559 eu
144 488 341 557 Fanatismus
367 487 519 578 originem
546 482 680 553 duxisset
701 508 739 551 ex
773 483 837 571 ejus
859 485 938 551 doc·

53 580 137 647 trina
160 605 170 655 ς
194 579 267 644 ideo
292 577 365 643 dicit
384 576 547 644 Fanaticos
572 571 661 641 antei
679 573 711 639 in
736 571 845 662 Belgio
866 573 942 638 sub-

55 665 162 734 stitisse
188 708 200 745 ‚
238 665 290 743 sed
321 662 382 743 sese
413 663 584 742 OccultalIe
614 681 744 752 propter
766 657 942 747 Inquisitio-

51 778 141 825 nem.

62 828 64 837 ¹
105 843 232 912 Interim
270 868 309 911 ex
328 840 421 934 supral
444 839 544 910 relatis
571 839 650 908 clare
670 837 790 911 constat
810 836 943 926 Inquisi-

17 950 21 957 ·
55 951 142 1008 tores
179 932 330 1020 haejreticae
357 931 518 1022 pravitatis
541 929 573 1006 iu
594 930 760 997 Brabantia
773 925 943 996 substitisse

56 1043 144 1101 anno
161 1042 251 1104 1522.
277 1027 309 1088 δε
328 1018 559 1109 sequentibus,
595 1017 776 1104 ibidemque
800 1012 944 1086 officium
1009 1107 1010 1110 Ἴ

53 1108 148 1188 suum
170 1106 338 1178 exercuisse
364 1110 446 1178 circi
469 1104 714 1198 AugullinIanos
734 1107 945 1196 Antverpien.

55 1197 132 1274 ses,
168 1221 249 1287 quos
282 1195 561 1273 exterminabunt,
595 1200 627 1263 δι
659 1194 739 1264 circi
775 1194 853 1262 alios
880 1194 947 1262 sus-

56 1287 166 1377 pectes
189 1329 201 1365 ‚
236 1287 333 1354 etiarn
355 1287 464 1353 laicos.
496 1282 544 1351 Illi
567 1303 671 1357 autem
696 1324 708 1360 ,
740 1284 772 1352 in
793 1284 880 1352 Astu
895 1307 944 1353 re«

55 1375 234 1444 vocationis
278 1380 355 1530 >l{aa
392 1374 543 1464 Praepofiti
579 1373 695 1442 ibidem
731 1373 862 1447 relato,
895 1374 944 1439 dia

57 1483 173 1533 cuntur
199 1464 275 1553 Apo
302 1458 386 1531 olici
407 1467 439 1533 de
465 1459 609 1535 Cesarea
628 1483 664 1529 ac
687 1458 857 1529 Ordiuarii
881 1482 946 1551 poe

52 1551 161 1631 testate
177 1551 329 1640 deputati

102 1641 184 1713 Non
221 1639 313 1728 pland
345 1656 449 1773 tameq
472 1635 624 1717 constat,
656 1661 697 1706 an
722 1636 786 1706 hoc
812 1634 944 1726 Inquisi-

57 1729 152 1807 tionis
176 1728 311 1797 tribuual
337 1729 489 1797 uertex
514 1726 704 1797 institutione
728 1745 944 1818 perpetuum,

56 1840 95 1899 an
135 1815 254 1886 tantitm
279 1835 518 1908 temporaneum
542 1837 673 1910 propter
691 1819 864 1887 nascentem
878 1816 947 1885 hae-

59 1903 160 1974 refim.
212 1905 340 1974 Interim
377 1907 511 1974 tribuual
548 1906 627 1976 illud
661 1906 943 1975 Lutheranismum

58 1994 149 2086 pleni:
169 1990 342 2087 suppressit.
385 1997 552 2084 Qtauttim
573 1997 614 2064 ad
640 1995 905 2087 Anabaptismum
931 2037 944 2072 ‚

58 2084 114 2170 qui
137 2082 189 2152 hle
215 2082 373 2176 precipue
388 2084 577 2171 grassabattrr
591 2085 673 2153 circi
686 2107 804 2151 annum
824 2105 943 2170 1534,

63 2194 148 2263 opus
183 2195 250 2239 non
282 2192 346 2238 erat
379 2160 579 2257 Inquisitione
615 2171 813 2239 ecclesiastici
835 2197 847 2247 i
873 2173 947 2255 quii

58 2260 166 2350 aperti
217 2260 352 2326 docebat
386 2261 570 2326 seditionem
594 2283 603 2325 :
625 2260 709 2325 unde
731 2260 825 2323 etiam
850 2277 948 2342 quot„

56 2344 139 2434 quot
172 2347 426 2450 detegebantur,
477 2365 581 2414 morte
605 2346 818 2439 pledlebantur
859 2345 948 2435 juxti
1058 2406 1061 2412 .

57 2436 173 2513 Edicta
204 2435 369 2526 Principis.
424 2433 511 2501 Idem
552 2454 616 2503 erat
637 2438 676 2503 de
699 2436 871 2528 perniciosa
894 2437 948 2505 illa

58 2525 174 2602 seda,
207 2548 278 2612 quae
301 2523 353 2593 hle
375 2522 566 2614 grassabatur
596 2525 678 2593 circi
703 2549 819 2593 annum
850 2548 947 2612 1544,

59 2614 112 2685 De
135 2613 246 2700 quibus
281 2614 379 2680 videri
413 2612 542 2705 possunt
567 2615 660 2704 supui
683 2618 724 2682 ad
749 2615 820 2684 illos
845 2638 946 2684 annos

56 2702 165 2777 relata.
204 2701 289 2769 Hinc
312 2702 414 2787 itaque
439 2702 508 2769 satis
532 2722 650 2792 patet,
689 2705 811 2773 initium
835 2704 952 2789 lnquu'

60 2786 182 2857 fidouis
225 2788 258 2855 in
302 2788 412 2878 Belgio
461 2788 590 2858 adscribi
624 2814 690 2866 non
721 2794 833 2859 debere
870 2790 946 2859 huic

57 2902 156 2947 anno,

105 2969 270 3036 Cinorus
281 2965 324 3035 V.
348 2962 434 3053 Imp.
462 2962 566 3050 itaque
615 2967 701 3036 etivit
725 2974 757 3034 δι
778 2964 1135 3065 ⁰btissu31ice0rve·

61 3051 218 3137 Pontifiee
249 3077 315 3160 pro
348 3053 459 3143 Belgio
482 2989 678 3141 Inquiliiores
699 3056 852 3127 baereticae
875 3078 949 3145 pra·
965 3078 1058 3127 diuum
1074 3049 1137 3128 ion.

59 3146 194 3221 vitatis,
230 3145 333 3232 eisque
367 3162 527 3228 tamquam
561 3144 725 3237 supremus
747 3145 847 3234 Belgii
871 3148 944 3213 Do·
962 3140 999 3194 1¹³
1016 3141 1136 3197 leuatoe

58 3235 166 3325 quinus
190 3233 409 3303 Instrudiones
434 3231 489 3301 seu
515 3233 626 3307 limites
648 3235 832 3328 proscripsit
857 3236 943 3323 juxti

56 3322 295 3400 intentionem,
329 3345 401 3408 quae
434 3344 509 3389 eum
549 3345 696 3394 moverat
730 3327 772 3393 ad
808 3348 861 3393 eos
889 3347 945 3414 pe·

59 3410 183 3481 tendes.
227 3407 286 3477 Sed
322 3428 489 3498 antequam
510 3409 729 3481 Instrudiiones
750 3413 816 3480 illas
840 3414 946 3502 publi·

61 3515 179 3574 caret,
222 3520 379 3577 renovaris
414 3501 620 3588 praecedentia
654 3503 708 3570 sua
740 3502 862 3572 decreta
889 3525 945 3592 per

59 3608 186 3692 povqm
226 3584 378 3659 Edictum
420 3584 627 3676 publicavit,
661 3593 714 3679 qui
747 3597 779 3660 &
815 3592 944 3747 ‹qtaliter
999 3672 1003 3681 ,

55 3723 57 3729 ·
848 3696 946 3749 aeretta.
