2406 4236
201 203 267 270 '222
477 192 508 266 'A
529 216 558 264 tt
579 200 604 265 ’τ
627 219 650 265 v
675 218 695 264 n
719 220 744 268 u
766 217 787 265 ι»
810 202 872 267 1'n'

57 294 155 363 Anno
200 329 226 369 ,‚
241 290 323 356 viret
353 278 491 356 lraeretici
512 284 727 355 nanciscantur
751 285 765 379 l
777 289 868 376 quod
886 286 975 357 Deus
1001 309 1097 360 arcta

59 397 156 472 1561.
200 373 302 466 „tati
327 373 387 466 ipli
424 377 520 467 primi
556 378 654 444 futuri
690 375 815 455 effent‚
851 381 884 445 in
912 401 992 466 quos
1019 405 1094 449 ma·

198 469 306 549 „lum
342 463 461 545 istud,
496 488 564 554 quo
599 484 666 532 tam
702 468 841 558 graviter
875 467 1094 549 laboramus,

197 600 225 638 ‚,
238 555 500 624 redundaret...
535 550 647 644 Turpe
679 553 751 621 sane
783 553 858 624 ellet
880 555 999 624 Ordini
1020 580 1099 628 mo·

198 643 394 730 ,‚nastico,
427 644 516 729 cujus
541 666 588 711 res
610 639 809 732 potillrmum
836 647 974 736 agitur,
1010 665 1096 739 prae·

199 779 225 818 ,‚
238 754 325 803 textu
356 733 479 799 minimi
517 732 649 819 alicujus
683 733 884 802 incommodi
907 733 960 821 (st
987 727 1094 810 modo

198 821 480 905 „incommodum
504 821 675 889 dicendum
703 820 768 911 eli)
793 823 890 911 idque
910 846 1095 912 paucorum

200 909 502 997 „monasteriorum
528 952 540 988 ,
575 910 731 1000 impedire
763 911 934 999 quominus
955 937 1004 981 res
1025 933 1094 984 tam

201 1001 342 1085 „sancta
378 1000 565 1089 procedat,
599 999 779 1087 reliquaque
808 1001 999 1074 monasteria
1022 1026 1096 1071 om·

201 1094 296 1176 „nia
343 1090 407 1158 nni
440 1112 527 1158 cum
579 1111 657 1157 vera
689 1088 856 1181 Religione
906 1091 1098 1161 conserven-

239 1201 301 1250 tur·
311 1181 330 1206 n

200 1223 227 1263 '⁹
248 1268 335 1337 Dein
370 1288 460 1334 exem
486 1266 523 1335 lis
551 1267 722 1357 probant,
752 1263 939 1337 Pontificem
967 1309 981 1342 2
1014 1269 1098 1341 dum

203 1359 294 1452 erigit
324 1378 430 1425 novos
498 1355 713 1448 pffcopatus,
747 1355 807 1424 illis
828 1354 1097 1450 polieapplicare

204 1451 325 1541 integra
364 1443 553 1513 monasteria
575 1472 588 1524 ;
609 1446 770 1533 incoque
794 1469 861 1514 non
883 1450 1097 1519 contraveniri

204 1538 389 1610 testatorum
427 1534 676 1604 voluntatibus:
705 1536 847 1624 adeoque
879 1534 969 1628 polle
991 1559 1095 1630 parter

203 1629 356 1707 illorum,
378 1647 496 1717 nempe
516 1625 691 1704 Abbatias‚
713 1623 770 1692 illis
791 1623 961 1716 applicare.
1010 1627 1095 1699 Dein

205 1720 371 1809 probant,
389 1713 558 1805 proprium
581 1712 779 1804 Episcopum
802 1712 1014 1785 dioecesanum
1029 1740 1096 1785 non

208 1804 300 1901 polle
320 1804 383 1872 dici
403 1803 521 1890 Prasul
537 1804 687 1890 (ocularis
711 1821 767 1870 aut
783 1825 960 1873 extranens.
1007 1802 1098 1875 Tan·

210 1898 285 1965 dem
318 1890 455 1984 probant
488 1891 667 1980 Principem
694 1913 761 1959 non
785 1916 802 1958 e
824 1890 878 1959 ilie
896 1893 1015 1967 'contri
1031 1893 1099 1983 jur·

210 1981 379 2053 ‘orandum
405 1979 436 2047 in
453 1977 529 2048 laeto
548 1977 684 2047 introitu
712 2021 725 2059 ,
754 1912 943 2050 affiimantes
963 1989 997 2052 &
1016 2006 1097 2076 pro·

209 2009 320 2143 itantcs
363 2068 608 2160 applicationem
657 2065 740 2137 hanc
776 2070 987 2140 Abbatiarum
1025 2095 1096 2155 non

209 2160 300 2257 polle
324 2159 386 2228 dici
410 2155 651 2226 Commendam
676 2181 735 2226 nec
757 2158 931 2247 quidquam
943 2182 1096 2237 commu·

191 2278 253 2329 ue
288 2249 402 2318 habere
437 2269 513 2317 cnm
542 2271 604 2325 ea,
624 2246 677 2316 ted
702 2244 764 2316 elie
786 2271 895 2319 veram
919 2250 1098 2333 unionem,

209 2366 282 2432 quae
314 2337 463 2407 Titulnm
499 2340 628 2405 formet.
669 2336 746 2418 „Et
777 2338 886 2418 ideo,
915 2341 1101 2427 inquiunt,

209 2429 398 2520 „quoniam
435 2448 492 2518 per
526 2425 648 2495 felicem
674 2424 843 2494 Introitum
864 2450 966 2514 neque
991 2432 1098 2501 verbo

206 2563 233 2600 ‚‚
244 2520 311 2587 ullo
348 2538 449 2604 neque
483 2513 631 2584 sententia
669 2514 714 2581 im
757 2516 841 2582 ditur
870 2555 884 2593 ,
923 2518 1100 2601 quominus

205 2605 392 2689 „Pontifex
424 2603 518 2674 Max.
555 2625 664 2671 novos
732 2600 912 2693 piscopatus
943 2628 982 2672 ex
1004 2604 1101 2679 cauli

208 2694 403 2778 „instituere
426 2735 438 2772 ,
466 2691 564 2781 iisque
588 2688 775 2761 monasteria
797 2692 917 2787 integra
938 2694 1101 2786 applicare

211 2828 237 2867 ,‚
250 2781 346 2883 poffit
385 2801 517 2875 propter
557 2783 682 2851 bonum
730 2783 936 2875 publicum,
971 2804 1098 2869 tantum

208 2920 234 2959 „
247 2872 364 2950 abest,
397 2893 432 2941 ut
464 2873 505 2940 de
542 2872 686 2964 praelenti
717 2869 782 2941 hoc
816 2871 957 2942 instituto
992 2880 1101 2959 Statue

209 2990 284 3049 „ac
307 2960 411 3031 multo
437 2961 565 3049 quidem
585 2960 690 3030 minin
714 2963 860 3052 Rela'giofi
880 2962 939 3030 snb
961 2983 1099 3052 praetex.

211 3099 237 3147 ‚,
251 3075 289 3123 tu
312 3052 408 3123 felicis
432 3050 580 3120 Introittls
604 3050 671 3119 'ure
705 3049 856 3137 conqueri
879 3044 997 3140 pollint
1021 3078 1035 3132 3
1062 3071 1099 3125 uc

211 3138 358 3225 „contra
395 3141 550 3232 gratulari
584 3074 639 3206 libi
674 3138 841 3216 debeant,
872 3139 1027 3210 rationem
1048 3142 1100 3211 in-

212 3275 237 3319 „
251 3249 380 3300 ventam
413 3227 506 3309 elie,
539 3225 604 3315 qual
625 3233 659 3296 δι
683 3225 804 3294 utilitati
826 3231 996 3299 communi
1020 3255 1101 3305 con·

212 3320 366 3405 „sulatur
390 3359 404 3394 ,
438 3324 472 3387 &
495 3315 587 3386 simul
609 3313 798 3382 monasteria
821 3354 835 3394 ‚
866 3315 1040 3390 secundum
1060 3343 1100 3393 ea

206 3435 319 3500 „quae
339 3409 434 3500 supra
460 3406 546 3477 dina
576 3405 685 3482 lunt,
717 3404 939 3480 conserventur
972 3435 986 3489 3
1021 3432 1100 3480 cum

210 3501 319 3590 „jure
368 3517 437 3568 tota
483 3495 552 3566 tolli
602 3495 903 3586 Epilcopatibulque
945 3498 1102 3594 applicati

210 3634 235 3675 „
248 3586 383 3683 polient.

987 3672 1102 3748 Latius
