2370 4244
233 266 467 338 Cnnrsro
507 284 771 338 craterus
883 284 948 346 219

52 358 257 453 praedicutius
281 377 382 435 erat,
422 363 562 426 &unus
598 353 745 447 &primis
765 353 948 427 audioribru
1003 353 1101 421 Anno

52 450 115 519 fuit
155 446 350 539 Conseffionis
380 445 493 536 fidei,
528 467 633 533 quarn¹
659 443 829 535 vulgarunt
863 463 946 512 anno
1008 455 1105 529 ¹5⁶¹·

63 550 198 622 1566.‚
236 555 272 604 ut
296 536 355 604 suo
379 537 456 604 loco
477 535 610 605 dicetur.
657 532 740 603 Vide
765 536 811 604 D.
824 533 948 620 Paquot
1044 539 1048 549 “

55 633 173 698 Mem.
198 630 277 695 Litt.
289 627 349 695 XI.
369 641 449 719 pag.
463 647 537 714 339.
634 651 636 655 ’

105 799 272 890 Qrannlm
300 803 341 872 ad
365 801 555 873 erefflonem
580 799 834 894 Episcopatuum
849 797 942 867 multi
973 806 1136 862 otfflcuttatee

56 892 190 981 quidem
221 914 292 960 eam
327 894 507 982 probabant
544 910 677 983 propter
712 871 1139 988 εἰτοιιιηῖὶαιιῑεςἰξῐζξῖῑοξιζζζιπὶ

60 981 202 1069 undique
225 981 410 1050 Provincias
432 980 618 1056 haereticas,
653 995 690 1047 ut
713 978 827 1068 nempe
854 973 943 1057 tanto¹
956 1001 1140 1070 episcopatuum

60 1068 233 1163 diligentius
254 1071 285 1137 in
313 1065 501 1161 ampliffimb
523 1065 664 1136 habitato
691 1070 945 1155 &frequentato

62 1160 104 1225 ab
131 1160 237 1227 exteris
275 1159 386 1249 Belgio
412 1155 631 1246 advigilaretur
658 1181 669 1225 z
695 1179 795 1246 neque
818 1177 944 1226 novum

58 1245 176 1316 id'elle
199 1249 231 1315 in
257 1244 396 1315 Ecclefia
421 1246 554 1334 aiebant.
823 1312 825 1320 ,

102 1335 165 1403 Alii
190 1336 316 1403 interim
342 1335 463 1403 fabbrm
488 1334 721 1428 improbabant.
760 1336 947 1490 {rueban-
977 1345 1088 1461 operere
1101 1347 1134 1392 rr-

58 1439 112 1490 tur
138 1443 256 1492 veteres
278 1422 433 1514 Episcopi
457 1442 527 1492 tunt
555 1422 664 1512 belgici
689 1442 759 1491 turn
810 1423 909 1492 nitimi
936 1427 989 1498 ‚1>¹
1000 1423 1126 1475 εΟΡΟΜ·

59 1512 154 1596 quod
192 1510 314 1580 acceffu
348 1535 512 1580 uovorum
539 1508 722 1579 Antistitum
754 1551 766 1588 ‚
800 1511 843 1577 illi
878 1511 950 1598 qui-

60 1600 139 1666 dem
164 1601 389 1670 contradliores
417 1600 569 1669 haberent
592 1600 779 1685 terminos,
817 1597 851 1666 hi
870 1597 950 1666 verb

61 1707 180 1778 ptaeter
218 1691 367 1758 terminos
404 1690 499 1758 etiam
520 1700 522 1704 '
530 1684 728 1782 pontificales
756 1689 878 1759 frudus
906 1707 951 1757 te-

65 1777 192 1846 nuiores
217 1803 229 1854 ,·
254 1779 423 1868 praelertirn
473 1801 549 1848 cum
587 1779 706 1847 Rornae
738 1801 785 1846 res
824 1774 951 1846 definita

63 1863 138 2022 {liet
176 1909 189 1946 ,
227 1867 263 1936 iis
295 1909 308 1946 ,
358 1891 500 1958 quorum
527 1869 688 1938 intererat
722 1909 734 1948 ‚
783 1891 850 1937 non
893 1890 952 1936 au·

86 1974 143 2024 rtis:

108 2044 246 2117 Nobiles
269 2049 473 2135 querebantur
501 2088 512 2124 ‚
546 2044 636 2136 qubd
649 2045 841 2117 'inconsultis
861 2045 953 2114 Stati·

67 2131 126 2200 bus
153 2157 200 2201 res
225 2134 294 2203 haec
320 2139 448 2225 perabla
473 2136 547 2203 ellet
570 2161 584 2213 3
610 2134 700 2222 qubd
723 2136 952 2223 Epistopinb·
970 2132 1107 2186 Nobilium.
1138 2151 1141 2156 ’

70 2221 182 2305 batum
207 2221 282 2290 loco
307 2226 534 2308 frequentarent
554 2223 728 2296 Comitia,
762 2223 859 2288 futuri
882 2222 954 2288 lon·
1119 2238 1133 2249 ·

67 2306 107 2399 gt
129 2306 225 2396 quim
266 2311 432 2385 Abbates‚
469 2333 531 2403 pro
550 2333 589 2377 eo
613 2333 678 2397 quo
699 2309 795 2377 ellent
818 2309 919 2401 gradu
942 2352 954 2386 ‚

64 2397 259 2489 potentiores
295 2423 305 2466 ε
342 2399 477 2486 ideoque
513 2400 551 2467 de
578 2400 734 2485 nobilium
757 2421 825 2465 non
849 2398 955 2468 solrim

67 2485 253 2555 audioritate
292 2487 472 2578 plurimum
498 2489 674 2560 denarum
698 2489 759 2570 iri,
779 2488 834 2557 sed
859 2491 953 2560 etiam

67 2575 107 2642 de
128 2573 265 2644 libertate
286 2584 348 2647 &o
446 2583 448 2588 ’

112 2665 182 2749 Qui
217 2665 421 2735 incitaverant
457 2667 620 2758 populum
656 2667 765 2737 contri
787 2667 955 2737 institutio·

68 2773 144 2818 nem
184 2750 393 2838 Inquilitionis
424 2756 539 2824 eodem
569 2755 660 2824 titulo
685 2758 854 2825 incitabant
879 2778 953 2824 eum
973 2762 1068 2830 iopen.

70 2839 183 2909 contra
217 2841 405 2908 crestionetn
442 2843 558 2933 Episco
584 2863 694 2913 atuum
733 2868 744 2914 :
781 2844 865 2912 unde
893 2845 957 2911 cla-

71 2951 144 2996 mot
168 2970 181 3008 ,
217 2927 307 3018 qubd
330 2928 405 2997 ellet
426 2932 535 2998 contri
561 2866 714 3000 bberrares
737 2939 769 3000 δι
792 2930 958 3022 privilegia

69 3020 213 3109 patriae3
240 3017 331 3107 qubd
362 3018 420 3086 snb
461 3020 558 3110 pallio
596 3021 762 3090 erellionis
783 3020 959 3115 Episcopa-

69 3127 164 3175 tuum
193 3108 298 3178 lateret
324 3109 517 3182 introductio
544 3108 751 3198 Inquilitionis
778 3134 788 3180 ε
815 3130 959 3179 notanter

71 3194 160 3280 quod
179 3195 210 3261 in
236 3199 368 3287 generali
395 3200 489 3268 Bulla
507 3200 671 3270 eredbonis
696 3200 844 3272 statutum
858 3199 932 3269 esset
944 3243 956 3278 ‚
1071 3201 1076 3209 '

71 3284 162 3368 quod
201 3280 323 3375 lingulis
362 3289 529 3382 Episcopis
556 3282 643 3382 jungi
669 3290 816 3360 deberent
838 3311 959 3354 novem

74 3369 232 3440 Graduati
257 3416 269 3451 ‚
310 3377 418 3462 quiin
443 3401 481 3444 ne
504 3379 573 3447 otio
595 3376 806 3464 Inquilitionis
834 3376 877 3442 eis
905 3376 960 3444 de·

72 3462 181 3528 berent
204 3456 343 3531 assistere.
383 3463 429 3533 lta
464 3399 519 3534 illi.
563 3463 662 3551 Quali
686 3466 787 3555 plures
806 3463 959 3556 Epilcopi

75 3547 185 3642 linguli
218 3551 250 3615 in
283 3550 339 3618 sua
383 3552 510 3623 dioecesr
543 3553 700 3642 majorem
738 3553 960 3622 auotoritatem

74 3637 286 3720 habuissent,
323 3640 419 3729 quim
449 3641 621 3713 habuerant
647 3659 717 3711 ante
743 3643 836 3736 pauci
861 3642 962 3711 inlate

847 3725 964 3802 diffusis
