2370 4244
246 204 781 285 Centeno-'cnutum'
910 228 953 296 75
1112 299 1114 302 ι

62 296 253 391 Jesuitamr
286 305 320 368 δι
354 296 414 368 hdc
455 294 620 365 occasione
655 296 760 366 Patres
796 293 958 366 Societatis
984 354 987 359 .
1017 289 1115 361 Anno

68 387 254 480 Antverpiae
288 387 403 480 pedem
443 380 613 463 fixerunt,
648 386 852 479 &deinceps
880 385 954 478 post
1019 381 1117 480 3538·

65 478 216 550 tredecim
271 496 370 547 aanor
419 473 539 545 ibidem
582 473 784 569 Collegium
803 475 957 557 ,obtinue-

64 587 157 644 tunt.
266 644 270 650 ¹
318 630 320 635 ,

113 749 211 817 Anno
244 753 345 836 1539.
386 765 442 831 25.
464 742 550 834 janu.
578 748 595 832 (
609 743 660 814 alii
683 744 792 816 dicunt
820 741 953 834 1535.)
1021 731 1117 810 4539·

67 837 149 910 obiit
180 837 378 907 Coeranus
411 833 617 905 Goctnurus
652 836 837 906 Canonicus
871 835 953 903 Ant·
971 863 1144 917 come.

67 949 111 995 ve
148 923 246 995 iensu.
282 926 360 995 Erat
382 925 509 994 natione
520 923 749 1014 Wellphalus‚
771 925 894 1018 primus
920 922 1069 993 inermia·
1082 932 1144 983 θ’»

68 1015 123 1084 Co
146 1016 216 1107 egio
254 1011 444 1108 Trilingui‚
478 1015 621 1084 Lovanii
659 1036 745 1083 auno
772 1032 872 1098 1520.
896 1034 954 1104 per
970 998 1049 1089 ΛΨ·
1124 1082 1129 1088 .

68 1109 294 1178 Hieronimnm
317 1107 367 1171 Bu
389 1101 491 1171 idinm
520 1102 687 1183 fundato,
722 1101 863 1196 linguam
885 1101 956 1173 lati-

70 1216 148 1266 nam
183 1190 306 1268 docuit.
376 1185 613 1260 amiliariffimus
644 1208 709 1261 erat
728 1187 836 1282 Defid.
856 1191 959 1304 Erns-

13 1295 16 1299 ’
66 1305 117 1359 nno
139 1323 153 1361 ‚
184 1282 239 1372 qui
262 1303 339 1351 cum
360 1283 381 1348 a
402 1278 556 1366 judicio,
588 1279 732 1352 doctrina
750 1322 767 1368 ,μ
782 1279 956 1360 industria,

69 1391 266 1458 motumque
302 1369 450 1437 comitate
479 1391 547 1438 non
572 1393 638 1439 uno
661 1369 736 1441 loco
760 1368 957 1461 depraedica·
985 1405 988 1409 ·

69 1461 128 1532 vit.
183 1457 374 1529 Orationem
417 1455 483 1546 ejus
530 1460 695 1528 funebrem
734 1458 818 1537 dixit,
844 1463 957 1528 Petrus

68 1551 262 1626 Nunnius,
296 1544 361 1634 ejus
396 1545 429 1614 in
471 1570 602 1617 munere
637 1547 772 1618 docendi
807 1546 840 1614 in
868 1547 957 1617 diuo

67 1635 220 1726 Collegio
258 1633 426 1706 succeffor.
469 1636 614 1731 Sepultus
646 1636 689 1706 eli
711 1637 828 1705 ibidem
854 1635 894 1704 iu¹
911 1634 957 1708 Ι).

69 1725 189 1803 Petri,
221 1724 277 1793 ubi
308 1726 336 1793 ei
365 1721 512 1881 politum
545 1725 588 1795 est
609 1723 827 1796 honorificum
845 1725 957 1818 Epita-

51 1812 185 1976 ‚ghium
205 1854 218 1893 ,
251 1813 341 1901 quod
377 1831 444 1884 rcut
468 1821 501 1885 δε
525 1838 623 1909 opera
643 1818 683 1885 ab
704 1839 744 1886 eo
764 1816 846 1901 edita
864 1818 956 1889 refert

98 1925 222 2060 osspens
244 1899 327 1972 Bill.
351 1906 438 1994 Belg.
459 1920 537 1997 pag.
554 1907 626 1987 189.

146 1992 242 2061 odem
272 2015 357 2061 anno
371 1994 451 2062 obiit
457 1995 621 2078 Jonuues
634 1995 772 2063 Vnurus
783 1995 955 2085 Carmelita
968 2024 1143 2091 joannelius

69 2080 301 2173 Antverpiensrs
328 2123 339 2160 ,
371 2084 426 2170 qui
448 2083 537 2174 prelo
558 2085 643 2153 dedit
668 2084 837 2153 Orationes
853 2085 954 2161 duas,
973 2090 1104 2143 carmelita

71 2171 203 2239 alteram
229 2169 268 2243 dr
290 2176 382 2239 Coena
410 2174 574 2248 Domini,
609 2172 737 2240 alteram
761 2173 798 2240 de
821 2185 955 2240 venera-
973 2165 1049 2210 nnn.

66 2261 150 2425 ἔβην
176 2258 355 2413 {mdiorum
378 2256 415 2328 {5
427 2259 597 2349 sacrarum
623 2262 853 2352 Reliquiarum.
901 2259 958 2328 Bi·
1053 2264 1056 2271 ’

101 2363 159 2416 rot
212 2367 293 2414 arm.

114 2525 235 2594 Fratres
271 2523 494 2597 Praedicatores
534 2567 547 2607 ,
578 2549 656 2597 cum
692 2526 878 2607 Conventlrs
907 2527 955 2600 sui
975 2499 1144 2630 ῗρἶξξῑξῗζζ

70 2611 284 2705 Templum,
318 2615 408 2703 quod
444 2615 557 2703 olim,
587 2636 623 2687 ut
655 2616 751 2710 supri
778 2620 918 2688 vidimus
943 2637 1144 2699 ,romonem-

70 2725 156 2771 anno
188 2713 283 2790 1276.
334 2703 549 2774 consecratum
578 2709 680 2775 fuerat
702 2729 758 2798 per
780 2711 820 2774 B.
839 2703 956 2778 Alben-
974 2698 1052 2766 ΡΜ·

69 2813 139 2861 rum
166 2813 316 2893 magnum
339 2833 352 2870 ,
381 2791 474 2859 situm
497 2792 572 2862 ellet
593 2796 626 2863 in
651 2794 765 2863 humili
794 2793 868 2866 loco
888 2839 900 2874 ‚
922 2798 956 2866 in

71 2903 139 2968 quo
164 2879 339 2970 patrebatur
364 2883 405 2947 ab
425 2879 501 2948 aestu
525 2883 620 2950 maris
644 2924 657 2961 ‚
688 2889 721 2951 dc
745 2882 871 2951 indubie
889 2883 956 2974 jam

72 2993 139 3060 prae
176 2966 325 3037 vetustate
357 2965 594 3048 collaberetur,
631 2991 756 3040 novum
775 2972 888 3065 erigere
909 2973 959 3040 in·

73 3058 263 3137 tendentes,
302 3058 441 3127 fundum
475 3059 691 3151 propinquum
731 3057 893 3132 elevdrunt
915 3063 957 3132 ad

72 3147 251 3232 quindecim
274 3144 380 3238 pedes.
414 3145 450 3215 In
476 3171 517 3215 eo
540 3166 644 3218 autem
667 3149 769 3220 firndo
793 3148 834 3220 src
856 3151 960 3222 eleva·

75 3253 112 3303 to
137 3258 263 3303 novum
287 3235 464 3328 Templum
490 3242 604 3332 erigere
630 3258 792 3331 coeperunt
813 3239 876 3308 hoc
901 3265 957 3308 an·

74 3347 152 3407 n03
179 3322 264 3402 sedj
300 3349 376 3394 curn
416 3327 560 3418 primum
594 3325 767 3398 satiosum
800 3327 871 3396 satis
892 3353 960 3398 non

74 3409 150 3480 esset
184 3416 378 3482 concurrenti
409 3416 574 3506 populo,
606 3351 670 3486 lloc
693 3414 839 3506 amplum
862 3422 961 3510 magis
1049 3469 1056 3481 a·

79 3499 325 3573 construxerunt.
372 3502 490 3574 verum
526 3503 721 3574 construdio
773 3502 841 3573 haec
873 3507 961 3577 tarde*

54 3587 222 3690 ,processu
247 3632 261 3674 ‚
300 3591 429 3666 indubie
465 3595 510 3666 ob
539 3593 764 3690 malignitatem
785 3583 992 3693 temporis(
