2406 4236
255 210 479 285 Cunrsro
517 228 769 293 caesenas.
895 223 959 292 rr7

76 300 291 374 Germanicae.
337 307 433 372 Anno
476 315 570 388 1536.
610 300 628 368 a
658 299 780 365 Panno
812 297 872 367 PP.
898 297 954 366 Ill.
1019 288 1116 358 Anno

75 391 184 461 missus
218 394 359 462 Nuntius
396 390 589 482 apostolicus
617 389 650 456 in
669 386 875 454 Germaniam
911 387 953 453 ad
1024 402 1119 465 ¹549·

74 483 255 550 Cauosuu
288 483 330 552 V.
373 479 456 572 Imp.
493 521 506 560 ‚
551 479 822 566 Fertumauouu
870 499 956 546 rom.

73 570 196 662 Regem
232 569 418 658 caeterosque
451 566 580 659 Imperii
619 567 811 655 Principes,
846 587 880 632 ur
902 589 957 659 cos

74 658 116 741 ad
147 659 315 728 concilium
351 658 524 725 Mantuam
557 654 760 725 indicendum
780 697 782 703 ·
801 653 955 722 invitaret.

73 748 171 814 Anno
189 747 346 836 sequenti,
373 745 462 843 apud
485 746 664 814 castorea
690 738 842 811 Bruxellis
864 763 957 832 agens

74 836 202 906 refertur
223 859 273 905 rr.
284 835 354 924 julii
373 835 583 926 Antvcrpiarn
609 829 762 901 divertisse
781 829 855 897 snos
871 831 958 909 visu-

74 947 128 991 rus
153 966 165 1002 ,
200 925 253 994 ubi
288 920 461 1008 honorifici
493 943 643 1015 exceptus
664 921 742 995 est,
775 919 958 990 obviamci

74 1013 215 1083 euntibus
235 1012 369 1094 Decano
391 1013 533 1104 Capituli
555 1008 588 1079 δὲ
618 1008 847 1101 Marckgravio
872 1033 882 1084 ,·
908 1007 956 1075 dis
1034 1034 1056 1041 ··

73 1102 164 1175 verrit
198 1121 304 1171 autem
340 1102 372 1170 in
398 1101 538 1172 domum
561 1100 714 1191 Decani3
752 1096 804 1165 ubi
830 1095 960 1167 Senatus

72 1189 101 1256 ci
123 1190 237 1261 obtulit
262 1193 376 1260 vinum
402 1189 639 1262 honorarium,
664 1185 836 1266 mansitque
861 1187 957 1273 usque

70 1277 113 1345 ad
141 1292 190 1348 16.
203 1278 342 1367 ejusdem
370 1273 505 1355 mensas,
528 1301 593 1366 quo
608 1273 734 1345 dice‘ffn.
756 1273 867 1344 Chron.
883 1282 957 1344 Ms.

27 1432 30 1437 .
70 1364 185 1435 fedius
222 1363 410 1457 Praeposrtus
436 1363 616 1436 cathedralis
641 1362 776 1433 ec'clesrae
804 1365 959 1432 Camera-

69 1453 168 1522 cenfis
195 1461 229 1522 δι
251 1453 429 1547 Episcopus
450 1450 599 1542 Aquensis
625 1451 763 1521 interfuit
781 1474 818 1518 ac
838 1451 958 1545 subsig-

70 1543 161 1610 navit
186 1543 236 1611 die
266 1565 319 1611 21.
333 1543 437 1633 aprilis
466 1562 560 1630 1547.
574 1557 577 1563 '
593 1536 723 1610 Sersroni
746 1561 840 1608 nonae
866 1541 958 1612 conss

68 1629 132 1714 cilii
151 1628 326 1722 Tridentini
338 1674 354 1714 2
365 1637 399 1702 ’δε
411 1632 539 1721 taudem
566 1631 633 1717 hoc
644 1652 729 1714 anno
746 1648 841 1719 1549.
869 1630 960 1700 obiit.

113 1807 243 1902 Senatus
277 1809 399 1904 semper
431 1809 597 1904 invigilans
621 1810 653 1877 in
673 1807 830 1878 seditiosos
855 1808 954 1878 sediaa
971 1867 1024 1919 Μ
1051 1867 1066 1879 ,,
1099 1808 1102 1815 ’
1128 1871 1137 1921 1

67 1896 132 1985 rios
157 1938 174 1980 ‚¹
201 1920 343 1989 notanter
371 1903 404 1970 in
440 1899 657 1991 Anabapristas
692 1906 725 1971 δι
749 1897 952 1978 Davidisias‚
974 1883 1002 1983 J,
1022 1883 1143 1963 ΨΜ

67 2008 168 2079 nuper
198 2009 301 2059 morte
347 1991 485 2083 plexerat
513 1988 684 2077 quemdam
713 1995 867 2076 [oannem
901 1986 954 2056 aas

67 2081 181 2166 cumps
203 2101 213 2145 :
238 2077 303 2148 hoc
337 2098 449 2155 autern.
474 2080 560 2161 anno
581 2077 770 2146 Adrianum
796 2077 954 2171 pictorem

66 2169 101 2245 δι
123 2168 301 2234 Hearicum
332 2166 485 2248 sartorem
499 2184 522 2239 's
557 2172 597 2233 θι-
615 2163 718 2256 paulo·
736 2163 821 2254 ppst'
839 2170 953 2231 Corne·

66 2252 149 2317 lium
174 2255 325 2342 Aelupn.
367 2253 414 2322 Ira
435 2251 682 2336 uwesemeek
691 2249 770 2338 flata
791 2248 847 2333 der
870 2254 955 2319 neta

60 2343 117 2427 gie
133 2355 211 2432 pag,
226 2356 277 2411 16.
315 2340 377 2429 qui·
408 2341 441 2409 in
480 2339 566 2408 Edit.
598 2336 720 2431 gallica·
745 2339 777 2404 in
814 2339 954 2431 margine

65 2438 139 2522 pag.
164 2447 218 2513 25.
248 2430 342 2500 addit.
374 2429 552 2498 Rolandum
584 2431 680 2502 Calon
712 2429 954 2512 Praedicatore'n'r

64 2518 326 2607 concionatorem
353 2522 545 2610 Antverpiae.
717 2532 721 2539 '
752 2556 755 2561 ·
819 2555 822 2560 ·
942 2524 945 2530 ’

109 2606 272 2709 Nicolaus
307 2609 353 2677 de·
380 2609 570 2679 Bcuckelaer
591 2607 789 2680 ‘Canoniens
815 2617 847 2678 &
865 2608 956 2678 The·-
1005 2675 1023 2720 Β
1060 2673 1074 2723 d

60 2691 217 2779 saurarrns
240 2695 328 2768 Eccl.
352 2699 390 2766 B.
417 2699 477 2783 Μ.
496 2698 692 2777 testamento„
711 2697 769 2767 suo
795 2700 950 2767 fundave-
971 2684 1143 2787 honussaffi

62 2798 112 2847 rat
139 2777 433 2859 Gerontoconrium
455 2786 487 2853 in
513 2784 766 2866 honoiem‘De'i-
782 2793 814 2854 δι
831 2789 1047 2855 duodo-exin
1062 2790 1143 2851 §.An

60 2870 127 2938 'cim
149 2867 383 2971 Apostolorum
405 2912 419 2950 ‚
486 2896 524 2939 ro
554 2895 601 2941 12.
626 2873 700 2939 viris
724 2876 907 2962 paupertate
920 2882 952 2945 δε
972 2862 1045 2914 aree.

59 2957 147 3027 senio
169 2961 307 3052 gravatis
333 2978 417 3030 'cum
478 2959 640 3053 apellano:
659 2961 952 3032 Execurorestesta·

61 3048 159 3116 menti
185 3048 381 3119 &heredes
413 3049 497 3119 hanc
532 3048 951 3120 fundationem'executioni

61 3136 212 3204 mandare
246 3161 312 3204 uon
342 3158 516 3231 poterant3
550 3160 626 3207 cum
646 3141 780 3208 'caesarea
804 3140 952 3230 Maiestas

59 3245 131 3290 eam
168 3227 330 3296 admittere
367 3228 494 3307 nollet,
526 3225 582 3294 nist
619 3228 676 3297 sub
715 3230 949 3308 conditionibus¹

60 3333 134 3393 quae
159 3313 216 3416 illis
241 3339 306 3409 non
318 3317 503 3473 placebant.
546 3315 664 3403 Itaque¹
679 3326 878 3409 commutata
891 3322 952 3400 sirit

61 3398 132 3467 haec
172 3422 224 3492 pra
260 3407 317 3472 sun
341 3407 461 3483 atioin
481 3406 714 3473 fundationem·
728 3407 950 3476 decantationis

61 3513 94 3575 7.
108 3486 259 3571 horarum
290 3495 514 3585 'canonicarum
551 3495 583 3562 in
606 3492 636 3560 S.
653 3495 820 3571 Andreae,
856 3498 950 3582 idque

60 3576 111 3674 de*
134 3577 292 3670 consensu
308 3590 342 3656 δι
368 3580 555 3747 eudorppatc
588 3583 730 3676 Capituli
768 3605 803 3652 ac
817 3583 954 3741 {erratus

534 3693 553 3760 3
852 3691 957 3745 rtterae.
