2370 4244
228 100 462 177 Currere
503 119 769 174 entreceur
880 118 944 182 299

55 189 235 274 dilcessirs,
273 191 453 352 quiaxpiebs
475 189 611 260 nimilrm
635 190 676 258 ad
702 209 777 258 eum
802 210 948 259 aucurre-
1010 178 1109 251 Anno

53 283 148 361 bat,
183 301 219 354 ut
239 283 330 353 refert
397 280 561 350 esembeek
576 296 655 374 pag.
673 299 744 346 122.
1016 280 1114 374 1565.

99 369 231 442 Interim
253 371 502 450 Gubernarrix,
537 389 700 457 tamquam
722 367 811 435 brevi
833 384 949 437 ventu·
995 378 1010 447 5
1017 355 1122 440 ·Jul¹¹·

56 485 92 530 ra
117 461 306 551 praemiserar
331 462 541 554 Antverpiam
563 460 729 528 Comitem
743 457 948 548 Meganum,
998 473 1093 566 seuiuo
1109 507 1144 562 ob

55 551 297 643 exploraturum
325 593 337 630 ,
372 551 451 642 quid
486 550 518 618 in
542 550 663 619 civibus
686 545 760 617 esset
788 549 830 614 ad
858 568 947 615 coer·
965 578 1082 630 timorem
1088 590 1150 642 Ρη,

54 640 173 710 cendas
206 639 380 711 seditiones.
424 639 543 710 Verbm
576 637 645 707 viso
669 638 800 706 Comite
821 634 942 706 tumul·
970 640 1149 698 munuum.

53 731 140 798 ruari
158 730 269 822 civitas
295 732 393 822 coepit
417 772 429 809 ,
464 728 666 797 vociverante
693 721 805 818 passrm
825 725 950 819 plebe,

54 817 236 911 Meganum
262 820 386 890 infenso
408 816 533 887 Geufiis
554 816 664 884 animo
682 813 835 896 venisse,
863 814 953 884 secu·

52 927 164 978 turum
189 907 290 1002 pauld
306 906 386 1012 post
416 929 488 975 cum
513 905 684 974 duodecim
707 903 827 975 vexillis
840 903 956 973 Comi-

55 1000 121 1066 tem'
132 999 377 1088 Arembergrum
389 1022 399 1074 ς
413 995 481 1065 nim
495 992 758 1064 Gubernatricem
772 989 954 1086 ,occupatd

51 1087 204 1158 militibus
219 1084 414 1179 Antverpid,
435 1086 690 1178 superventuram
702 1109 738 1153 ac
754 1087 955 1176 proarbitra·
1058 1160 1061 1164 ⁴

55 1196 93 1244 tu
114 1169 319 1245 pontificium
333 1175 468 1245 tribunal
482 1175 658 1244 ereduram
670 1172 829 1264 hispanici
842 1172 959 1240 severi·

56 1283 119 1333 tare
133 1271 195 1334 &o
216 1287 282 1353 quo
304 1265 444 1336 tumultu
464 1265 562 1333 indies
587 1264 792 1332 crebrescente
825 1261 956 1331 Guber-

54 1353 158 1420 natrix
170 1353 348 1455 Meganum
360 1355 434 1424 indie
445 1355 580 1423 amovit.
600 1351 710 1421 Strada
728 1368 806 1445 pag.
820 1374 895 1432 219.

108 1442 254 1511 Reversis
287 1443 435 1513 Bruxelld
469 1442 635 1535 Deputatis
666 1440 799 1510 Senatus
834 1455 865 1511 6.
889 1439 959 1531 julii
1002 1463 1130 1549 Mum·

64 1553 259 1626 congregato
296 1534 362 1601 lato
388 1534 540 1604 Concilio
562 1530 753 1624 proposuit,
781 1550 816 1601 ut
837 1529 860 1600 fi
885 1533 954 1619 quis

61 1621 211 1701 milites,
249 1624 459 1715 vagabundos
485 1665 497 1703 ,
544 1622 646 1714 gallos
678 1642 734 1690 aur
761 1622 839 1690 alios
865 1645 954 1714 pere·
977 1624 1153 1696 immam·

60 1712 166 1811 grisros
188 1735 255 1780 non
282 1726 473 1782 mercatores
495 1711 619 1793 sciret,
654 1735 708 1779 eos
732 1710 863 1781 deferret
891 1735 952 1804 pro
975 1685 1153 1813 ffiffldssff

61 1802 177 1878 nrarori
200 1802 332 1872 civitatis
363 1801 523 1874 securitate
549 1826 559 1871 ε
583 1802 808 1888 monuitque,
840 1813 1155 1880 utnonpraedieatiouoe

60 1889 180 1959 vadant
217 1891 259 1958 ad
287 1893 526 1982 praedicationes
554 1930 566 1967 ,
602 1894 634 1956 δι
654 1890 766 1965 alios,
801 1895 954 1977 quantum

61 1972 205 2069 pollibile
238 2018 251 2054 ,
290 1980 331 2045 ab
360 1979 430 2053 ⁴illis
464 1977 641 2046 cohibeant.
665 1975 779 2043 -Ultrd
817 1979 954 2066 petivit,

62 2065 156 2152 quale
191 2066 336 2135 medium
374 2065 557 2142 haberent,
595 2081 651 2132 aut
690 2065 779 2149 quod
804 2066 957 2136 auxilium

63 2149 209 2227 afferrent
241 2154 281 2222 ad
307 2154 522 2312 impediendas
549 2153 790 2245 praedicationes
815 2175 881 2223 ram
908 2157 957 2224 in-

64 2243 111 2312 tri
152 2242 248 2332 quim
284 2263 351 2313 extr

65 2332 177 2405 ordine
208 2376 220 2414 ,
257 2334 400 2423 qualibus
437 2334 557 2404 viribus
582 2330 642 2402 sese
664 2355 899 2425 opponerent,
935 2333 958 2404 li

62 2422 184 2491 sedarii
209 2424 242 2490 in
268 2424 392 2493 civitate
420 2443 573 2493 tentarent
594 2424 764 2491 convenire
789 2422 901 2500 3srcut
927 2433 960 2494 δι

67 2509 269 2581 srtumultus
294 2512 514 2592 excitaretur,
546 2510 677 2598 qualiter
705 2510 863 2580 civitatem
877 2535 961 2603 prae·

64 2599 256 2680 servarent,
291 2623 368 2669 cum
400 2602 518 2670 modus
560 2597 710 2668 hasiensis
742 2600 893 2671 indicatus
909 2605 960 2670 in-

67 2685 224 2758 sufficiens
250 2689 408 2758 videretur
434 2715 447 2768 3
471 2712 639 2767 monens,
672 2706 706 2757 ut
728 2686 807 2756 serid
831 2688 963 2782 desuper

66 2778 294 2864 deliberarent,
316 2777 358 2848 nd
386 2776 511 2850 occasio
539 2779 630 2847 detur
648 2777 868 2847 introducendi
881 2802 964 2871 prae-

69 2859 184 2953 sidium
207 2870 351 2941 militare.

101 2957 165 3029 ‚Ad
212 2957 281 3032 haec
310 2958 367 3028 res
384 2957 539 3028 onderunt
573 2999 585 3036 ,
644 2955 764 3027 neeesse
799 2979 868 3028 non
900 2959 964 3029 elle

16 3041 20 3049 ’
65 3045 265 3117 introducere
310 2982 442 3118 mistare
485 3046 666 3142 praesidium
709 3089 722 3126 ,
767 3047 797 3117 se
842 3070 957 3118 omnes
1013 3065 1153 3137 Responde,

67 3152 195 3227 paratos
242 3132 302 3206 else
324 3196 328 3205 .
354 3139 469 3210 servire
522 3136 601 3225 Regi
646 3136 687 3202 ad
732 3136 961 3207 defendendam
981 3130 1058 3209 rarum
1084 3141 1173 3194 (ἴω

70 3222 226 3299 civitatem
254 3267 267 3305 ,
301 3226 359 3294 ad·
379 3224 605 3317 praecavendos
639 3221 795 3292 turnultus
841 3230 874 3294 δι
918 3228 961 3296 ad
981 3194 1074 3252 cuum.

70 3312 286 3406 impediendas
328 3313 565 3405 praedicationes
593 3311 625 3379 in
662 3311 784 3383 civitate
817 3355 830 3393 ,
867 3315 962 3404 idque

72 3404 115 3475 ad
144 3405 332 3472 mandatum
363 3403 503 3471 Senatds.
534 3399 698 3491 Qranrdm
725 3399 803 3476 rerd
825 3403 866 3473 ad
880 3425 964 3493 prae·

74 3492 245 3568 dicationes
273 3500 305 3566 δι
333 3491 552 3564 conventicula
586 3488 757 3570 forensra,
792 3491 843 3563 illa
868 3493 963 3564 adse

896 3606 962 3658 uon

409 2245 565 2313 civitatem
595 2268 606 2320 ς
634 2242 850 2336 &imprimis
873 2245 961 2333 quali
