2370 4244
263 242 503 318 'Cnnrsro
536 251 816 317 ‘'c-rtur'cuns.
926 267 989 337 223
1030 334 1034 341 .

146 326 263 411 Latius
283 336 353 409 haec
375 338 511 409 deducta
532 338 633 406 videri
659 334 853 429 possuntini
877 333 1001 406 lacon·
1061 325 1159 396 Anno

99 426 274 502 isultatione
320 429 397 497 loco
429 425 526 519 suprlt
553 429 660 496 citato,
704 427 861 520 ¹Religior
890 446 995 495 autem
1067 430 1163 502 1561·

157 520 183 589 st
222 518 292 588 hoec
323 513 567 612 dcfignationem
604 516 814 584 Abbatiarum
861 537 898 582 to
923 512 999 582 dote

109 540 364 703 {piscopatuum
404 629 470 675 non
508 604 643 698 amplius
669 537 890 676 commendat
912 603 1000 670 dixe-

116 718 185 769 runt
209 739 222 778 ‚
255 696 308 766 sed
333 702 486 768 Unionem
506 722 517 774 ς
539 698 580 764 ad
602 717 702 785 quam
720 693 896 763 tollendam
915 692 1002 760 dein·
1050 772 1053 777 Ι

8 808 14 819 ·
117 809 186 882 oeps
210 810 301 878 agere
325 810 392 856 non
416 785 587 858 cessarunt.

157 962 308 1058 Religiosi
337 966 440 1055 itaque
464 962 655 1034 S.Bernardi
678 983 755 1031 cum
780 955 1004 1056 Tongetlo‘in·
1052 964 1185 1068 mag„-

112 1048 202 1133 libus
240 1062 272 1124 δι
307 1042 591 1147 Aliligemiensrbus
626 1094 638 1130 ‚
685 1073 824 1140 quorum
860 1052 1005 1126 Abbatiae
1020 1070 1181 1123 tonantium

110 1142 289 1237 r'espediivd
331 1146 427 1213 unitae
467 1159 555 1211 erant
588 1133 707 1229 Episco
723 1142 832 1243 ‘atibus
870 1143 1007 1211 Antvcr·
1021 1132 1183 1193 onennbau

134 1230 250 1314 ienli,
281 1230 513 1303 Buscoducensr
551 1236 584 1298 δι
609 1163 826 1319 Mechlinienfi
848 1272 862 1310 ‚
888 1255 1008 1344 ¹‹pucre-
1020 1213 1084 1251 ω’

104 1252 269 1402 gantur,
300 1321 391 1410 quod
424 1321 466 1387 ad
496 1320 682 1388 eledlionem
720 1321 884 1389 Abbatum
907 1343 1009 1414 egre·

98 1413 188 1481 mio
224 1409 313 1500 juxti
349 1409 514 1503 privilegia
536 1409 591 1477 sua
617 1415 650 1477 &
673 1406 911 1479 consuetudines
961 1433 1010 1480 er·

98 1501 230 1570 venire
261 1497 503 1593 conposuit,
534 1498 775 1587 qualiacumque
802 1432 1009 1569 exhibuiffent

87 1588 217 1669 ,Aulae
241 1630 255 1668 ,
292 1593 325 1656 δι
347 1611 413 1657 non
436 1586 579 1657 obstante
600 1586 689 1675 quod
715 1586 909 1656 Cancellaria
932 1590 1010 1656 Bra-

88 1674 239 1747 bantiae
269 1675 342 1769 ipfis
373 1677 553 1746 favorabile
587 1674 840 1745 advisamentum
871 1677 1011 1750 dedisset.

91 1758 198 1839 Inde
232 1767 371 1855 querelas
402 1766 474 1836 suas
503 1766 683 1837 detulerunt
707 1765 748 1835 ad
770 1765 906 1837 aliorum
933 1791 1009 1837 mo·

94 1855 330 1926 nastetiortm
365 1858 535 1937 Abbates5
568 1857 640 1926 dein
682 1856 777 1926 etiam
804 1858 847 1927 ad
872 1854 1009 1930 Nobiles

91 1950 152 2018 δι
181 1945 320 2016 civitates
351 1949 526 2017 Brabantiae
552 1988 566 2026 ,
595 1947 651 2036 qui
688 1949 748 2016 tria
771 1949 915 2016 membra
941 1947 1011 2018 Sta·

92 2048 217 2107 ¹tuum
253 2037 429 2108 Brabantiae
465 2035 685 2130 repraesentant
715 2075 727 2113 ,
760 2034 1010 2129 supplicantes,

20 2212 35 2227 ·
84 2122 276 2282 §llll
295 2123 825 2304 lusapnldffltllsle
847 2125 1011 2282 {igidi

906 2253 918 2290 2

91 2299 204 2369 'nihil
240 2301 483 2380 obtinuerunt,
524 2300 645 2368 dicente
677 2298 939 2379 Gubernatrice‚
976 2303 1012 2371 id

96 2386 153 2460 in
167 2386 223 2457 sua
246 2388 404 2482 potestate.
418 2412 484 2458 non
506 2384 593 2469 esse,
615 2389 798 2482 Regemque
824 2387 880 2458 fibi
901 2387 1012 2463 similia

96 2476 301 2550 reservasse.
346 2480 435 2551 Hinc
456 2478 558 2550 Status
579 2479 745 2572 deputatos
769 2479 800 2545 in
824 2478 1013 2573 Hispaniam

104 2566 279 2639 miserunt
299 2570 342 2639 ad
376 2572 534 2664 Regem,
565 2571 620 2658 qui
644 2567 844 2662 personaliter
869 2570 1013 2643 libellum

104 2657 303 2749 supplicem
329 2660 411 2748 Regi
437 2660 656 2737 obtulerunt,
691 2661 722 2726 in
750 2680 818 2746 quo
843 2659 1012 2730 exhibeba-

104 2765 217 2823 tur,
250 2744 339 2833 qudd
365 2748 514 2817 Abbatias
534 2747 683 2824 subiicere
707 2746 773 2813 aliis
798 2746 1015 2829 Redloribus,

108 2832 238 2923 casque
261 2833 411 2904 consueti
432 2835 584 2904 electione
604 2833 701 2904 liberd
719 2835 843 2925 privare
865 2859 930 2902 non
943 2856 1015 2905 tan·

111 2924 196 3004 {lun
234 2923 309 2993 esset
345 2924 458 2994 contri
479 2922 656 3009 aequitatem
678 2927 925 3004 demtionem,
959 2924 1015 2995 sed

116 3014 219 3083 etiam
248 3013 361 3086 contri
407 3013 547 3106 rivilegia
576 3031 640 3091 tam
663 3011 840 3082 Brabantiae
864 3017 897 3082 in
920 3035 1016 3107 gene·
1153 3040 1157 3045 ·

120 3103 220 3182 sali,
255 3105 353 3194 quim
377 3037 535 3174 liniarum
561 3103 770 3172 Abbatiarum
793 3103 825 3171 in
846 3103 1017 3196 particula·

124 3192 166 3263 ri.
202 3191 256 3260 Ad
288 3193 467 3287 supplicam
492 3192 580 3261 illam
615 3193 687 3262 Rex
706 3194 796 3266 brevi
814 3193 1013 3287 respondit,

126 3280 221 3367 quod
239 3280 405 3375 Religiofis
427 3285 538 3353 debeat
558 3278 698 3352 sufficere
720 3322 733 3362 ,
767 3284 856 3371 quod
878 3285 1016 3355 Abbates

123 3366 301 3450 habeant5
326 3367 395 3441 imd
430 3373 519 3461 quod
555 3391 682 3525 pratum
706 3371 765 3438 illis
788 3368 849 3438 esse
873 3371 1020 3453 debeat,

131 3459 271 3528 Abbates
304 3459 377 3530 suos
412 3460 585 3552 episcopal
617 3457 718 3527 Mitti
751 3459 916 3528 decoratos
943 3461 1017 3533 esse.

131 3549 222 3619 Cum
258 3546 323 3617 hoc
344 3545 493 3641 responso
526 3549 684 3616 redierunt
706 3547 891 3642 Deputati‚
951 3552 1021 3623 uod

133 3643 248 3731 parlim
283 3638 402 3732 placuit
433 3636 569 3708 Statibus
594 3644 628 3707 &
655 3636 760 3709 multd
782 3637 886 3709 minin
910 3640 939 3710 A
963 3645 1022 3711 ba·

940 3732 1021 3801 tibus
