2406 4236
244 180 472 254 Cnnrsro
507 178 779 248 *enniconis
866 181 937 267 ¹'163'

102 264 229 342 Eodem
254 262 463 340 mense&die
483 254 554 336 Rex
566 268 691 334 mernor
703 261 941 345 monitionum,
1006 257 1103 353 Anno

58 368 136 451 quas
162 359 349 430 hab‘tiera'td
371 377 458 451 patre
484 356 592 445 quoad
611 355 848 446 extirpationem
873 356 939 423 sec'·
1010 354 1131 439 ¹55⁶?

60 451 167 520 tarum
184 469 204 528 J,
240 449 381 541 rigorola
411 445 476 536 ejus
511 444 626 512 Edidia
651 462 762 512 contra
782 443 942 513 seditiosos
963 502 1074 554 nanuum
1088 505 1139 554 M

62 537 226 607 liaere'ticos
252 536 418 606 renovavit
438 558 493 626 per
512 553 638 600 novum
660 532 812 601 Edidium
834 532 944 600 damm
967 571 1002 632 gi,
1023 569 1107 616 uonna
1150 554 1158 559 ·

63 618 213 695 Gandavi
256 649 310 696 20.
322 646 393 718 aug.
423 636 542 712 ¹55⁶·›
573 621 660 711 quod
694 623 822 689 refertur
854 621 947 690 Edic.
966 629 1113 682 semnion·

66 709 162 787 llr'cz'b.
201 717 289 784 Tam
314 718 343 788 Ι.
376 708 448 782 Lib.
474 716 502 780 Ι.
535 717 581 780 tit.
593 713 639 779 ΙΙ.
675 718 708 779 C.
722 715 787 779 III.
804 724 883 814 pag.
895 729 951 794 45.

64 801 167 873 Simul
199 825 306 873 autem
340 799 438 872 edidit
475 803 548 870 Rex
578 798 756 892 catalogum
793 799 949 866 librorum

83 886 304 961 'rohibitornm
328 932 340 971 ,
372 914 475 982 nuper
510 881 550 958 de
572 901 660 958 novo
682 907 739 980 per
762 880 952 978 Theologos

89 981 280 1049 ovanienses
303 980 538 1050 concinnatum.
1027 1056 1036 1072 .
1136 1034 1139 1043 ,

115 1067 152 1134 In
191 1071 326 1140 eundem
366 1065 461 1135 finem
492 1068 563 1133 Rex
608 1064 750 1136 animum
788 1065 886 1135 'tendit
916 1063 950 1132 in
1004 1048 1144 1110 ”mm

71 1158 256 1227 eredionem
296 1156 459 1225 novorum
484 1154 736 1247 Episcopatuum
758 1155 790 1223 in
816 1155 952 1313 Belgio,
967 1122 1151 1238 {Quem}

72 1254 196 1314 memor
227 1250 400 1315 verborum
437 1243 566 1323 Patris,
601 1245 654 1330 qui
686 1245 838 1322 dixerat,
896 1258 954 1313 an'c
970 1253 1138 1322 tiswtssfffflffl

69 1346 166 1403 'unam
192 1334 254 1404 esse
280 1336 433 1402 rationem
456 1332 679 1402 conservandae
704 1330 868 1402 catholicae
887 1322 1000 1401 reli-¹¹²
1020 1313 1115 1378 ΒΨ·

72 1423 173 1514 gionis
199 1425 230 1490 iu
250 1423 360 1514 Belgio
382 1463 396 1502 ,
430 1420 542 1512 quique
563 1417 704 1492 eam'illi
723 1420 845 1490 summe
867 1441 973 1511 com-¹
1021 1506 1024 1515 y

71 1513 286 1581 mondaverat.
1021 1524 1025 1533 “

114 1601 193 1684 Jam
239 1599 294 1668 diu
327 1599 490 1756 persped‘ta
528 1598 633 1668 habita
668 1601 769 1670 fuerat
804 1593 965 1670 necellitas·

76 1688 305 1785 multiplicandi
358 1690 504 1782 pilc'opos
524 1690 556 1757 in
582 1689 723 1781 Belgio,
758 1691 974 1846 multumque,

77 1777 165 1846 antei
187 1778 331 1936 destper‘
344 1780 451 1848 adlu'm
481 1768 612 1858 suerat,
645 1779 699 1848 sed
722 1777 871 1850 hasiensis

908 1802 959 1846 rne
976 1797 1063 1854 seculo
1083 1791 1150 1854 vlu,

79 1861 211 1937 effedim
258 1861 345 1936 ‘nno
368 1881 446 1955 756.
490 1868 599 1936 Vernis
635 1870 676 1938 ad
700 1868 877 1957 Sequanam
899 1867 957 1936 sub
1177 1897 1180 1902 ·

78 1956 165 2047 Rege
186 1955 296 2025 nostro
321 1956 449 2025 Pnuno
471 1955 561 2026 brevi
586 1957 777 2028 celebratum
802 1957 845 2026 est
869 1956 959 2025 Con·

79 2045 188 2112 tilium
210 2086 222 2124 ,
259 2048 292 2115 in
333 2057 398 2133 quo
419 2045 568 2115 statutum
582 2047 645 2114 fuit
667 2055 744 2117 Can.
763 2072 790 2115 1.
810 2047 901 2136 quod
925 2047 960 2112 in

81 2129 206 2227 lingulis
232 2135 409 2204 civitatibus
438 2133 570 2200 debeant
595 2133 654 2200 elle
673 2136 838 2223 Episcopi.
881 2134 963 2200 Inte·

79 2220 140 2290 rlm
162 2221 199 2288 vl
221 2222 314 2307 huius
340 2222 481 2288 Canouis
509 2221 613 2287 nullus
635 2222 667 2286 in
693 2223 803 2311 Belgio
827 2219 960 2311 Episco-

80 2322 175 2401 patus
203 2306 323 2379 ere'diu's
360 2307 402 2374 est
428 2346 441 2385 ,
470 2330 528 2375 nec
558 2328 613 2400 per
626 2307 724 2466 plura
748 2307 960 2398 subsequentia

80 2396 184 2468 secula
221 2397 394 2486 quidquam
433 2395 540 2466 auum
577 2397 622 2467 fui
650 2399 767 2468 ecirc'a
788 2397 869 2469 hanc
891 2409 960 2467 rent

81 2488 263 2580 reperimus.
689 2495 691 2499 ’

126 2573 200 2644 Imd
235 2577 341 2648 seculo
377 2575 578 2666 subsequente
613 2579 797 2670 agebatur,
830 2602 895 2648 non
923 2580 962 2650 de
979 2568 1064 2624 ⁸⁶⁶¹¹¹⁰
1081 2572 1122 2623 ¹³¹·

83 2669 177 2734 novis
215 2664 337 2734 sedibus
373 2662 602 2758 episcopalibus
625 2669 776 2759 erigendis
801 2710 813 2746 ,
843 2669 896 2736 led
924 2669 963 2737 de

82 2754 239 2821 veteribus
267 2793 279 2832 ,
314 2775 385 2841 quae
423 2756 516 2821 rebus
551 2756 686 2844 propriis
708 2757 865 2833 viduatae,
893 2757 962 2824 imo

84 2840 252 2911 annullatae
275 2839 335 2907 elle
353 2840 541 2907 videbantur
567 2886 578 2919 ‚
600 2838 788 2910 restituendis
809 2851 842 2911 δι
864 2844 965 2912 debitd

85 2932 253 3000 fundandis
266 2953 275 2998 :
288 2929 330 2996 ad
356 2926 420 2996 hoc
438 2931 523 3013 enim
536 2929 639 2996 Patres
661 2927 797 2996 Concilii
817 2928 967 2998 parisien-

87 3018 125 3089 sis
138 3019 280 3088 celebrati
300 3040 386 3085 anno
400 3020 476 3099 829.
496 3018 720 3086 Luo'ovrcunl
743 3018 983 3109 Imperatorem.

87 3108 174 3179 enixe
195 3107 401 3195 adhortantur
423 3103 566 3175 malls.
588 3123 723 3200 cap.15.
745 3107 839 3178 Tales
859 3125 966 3180 autem

85 3199 170 3269 sedes
183 3198 254 3268 duae
271 3216 357 3265 erant
365 3197 397 3263 in
410 3197 538 3289 Belgio,
552 3196 665 3290 netupd
681 3197 880 3269 Atrebatenss
895 3224 965 3287 quae

89 3285 177 3356 uuita
209 3298 273 3356 erat
304 3269 548 3366 cameracensi,
582 3292 614 3354 &
650 3284 856 3356 Tornacenfis
897 3298 969 3374 quaa

90 3377 179 3446 unita
200 3389 263 3443 erat
286 3374 511 3443 Noviomenli.
556 3372 672 3442 Veniam
686 3378 973 3468 supervenientibus

90 3486 171 3534 mox
204 3460 355 3535 diuturnis
387 3463 668 3550 Nortmannorum
689 3462 915 3533 incurlionlbus
937 3473 969 3533 dc

90 3551 352 3624 devastationibus
373 3570 418 3622 res
440 3554 472 3621 in
495 3551 553 3708 illio
565 3551 644 3622 statu
655 3551 758 3622 adhuc
770 3551 881 3622 mansit
895 3556 974 3709 upari

549 3659 570 3709 2
929 3664 974 3710 UO
