2370 4244
208 260 280 309 azo
450 237 530 310 'Au
552 258 621 311 ru
644 263 664 310 ε
689 262 713 322 rt
737 248 842 312 Μή
1060 302 1062 306 ‚

58 320 155 390 Anno
207 325 328 400 diffusis
352 326 535 399 dioecesibus
561 357 573 408 ‚-
595 329 648 399 sed
668 334 801 424 angebat
818 328 978 413 infeuoet
1004 333 1108 422 quoii*

62 421 160 495 1561}
205 419 360 510 Episcopi.
378 419 410 486 in
433 421 540 510 parvis
565 418 750 489 dioecesrbus
775 420 892 490 facilius
917 426 950 489 bc
973 423 1090 494 exaffl-

204 505 242 576 ris
261 506 432 599 potuissent
454 505 615 601 invigilare
638 511 672 576 in
698 506 803 578 haerefi
828 510 962 580 insuetos
976 534 986 580 t
1001 511 1088 580 ideo·

202 620 263 686 que
300 600 541 685 querebantur,
574 595 664 686 quod
692 599 796 690 plures
819 600 972 670 nominati
996 599 1096 672 ellent

200 684 344 779 theologi
369 695 389 766 ‚'
418 689 472 774 qui
497 687 584 754 antei
605 690 728 757 lucrant
746 687 973 776 inquisitores,
995 688 1091 758 adeo-

202 797 297 859 quo,
336 776 427 864 quod
460 776 613 845 libertates
642 780 676 844 δι
701 776 864 867 privilegia
889 777 1094 848 auferrentur.

203 862 418 956 intelligebant
452 863 623 933 libertatem
653 866 685 932 in
706 867 853 934 exercitio
880 866 1098 957 Religionis:

202 951 257 1020 sed
281 975 458 1042 numquam
484 949 669 1043 affignatum
694 951 737 1023 est
750 953 852 1022 ullum
866 955 1100 1047 privilegium,

202 1064 271 1126 quo
295 1042 426 1112 liberum
440 1042 514 1127 elles
530 1045 561 1111 in
582 1043 691 1134 Belgio
704 1066 844 1112 exercere
856 1064 1103 1133 quamcumque

201 1129 417 1221 Religionem.
460 1133 663 1201 Proferebant
698 1131 824 1221 quidem
851 1174 863 1210 ‚
903 1132 995 1219 quod
1017 1133 1091 1201 Bel·

202 1239 316 1310 garum
372 1243 505 1299 nemo,
543 1213 702 1313 praecipue
747 1221 960 1300 Brabantini,
995 1221 1117 1312 plesti-

203 1330 275 1374 non
329 1305 430 1378 ossent
467 1307 521 1377 nisi
559 1332 614 1402 per
648 1309 711 1377 loci
732 1305 868 1399 judicem
895 1353 913 1390 ,
942 1333 1008 1377 non
1036 1332 1092 1401 per

200 1331 433 1467 Ecclesiasticos
457 1421 467 1467 t
493 1393 545 1467 sed
572 1402 604 1467 in
624 1398 711 1467 disto
738 1394 903 1492 privilegio
927 1397 1109 1487 adjustum

201 1506 267 1556 erat
293 1510 302 1556 :
327 1493 404 1567 Nifi
438 1494 471 1556 in
499 1493 635 1568 Crimine
658 1491 855 1580 privilegiato
884 1511 893 1556 ε
918 1487 982 1576 jam
1010 1485 1100 1557 verb.

198 1573 323 1645 haerelis
346 1578 406 1646 tale
432 1579 553 1645 crimen.
572 1596 636 1645 erat
660 1577 848 1663 dudumque
872 1577 974 1644 firerat
999 1618 1013 1657 ,
1052 1596 1089 1647 ut

199 1683 286 1754 patet
320 1690 358 1734 ex
391 1667 508 1758 legibus
548 1663 763 1758 imperialibus
782 1665 998 1758 allegatisper
1019 1663 1090 1734 Ha·

197 1773 301 1821 reum
326 1758 453 1822 Annal.
479 1759 564 1824 Dec.
590 1751 684 1823 Brab.
708 1753 756 1822 adw
777 1777 833 1822 nn.
852 1768 948 1838 1560.

18 1864 181 1928 nemenio·
244 1843 327 1911 Haec
348 1841 480 1930 quidem
503 1843 616 1912 dircite
636 1842 744 1910 contri
761 1841 1100 1936 institutionemfipis·

18 1924 155 2040 'lgffimft
200 1949 377 2026 copatuum
402 1955 411 1998 :
439 1931 493 1999 sed
512 1954 576 1998 non
599 1931 701 1999 mimis
727 1953 811 1999 acres
836 1934 962 2000 fuerunt
977 1932 1114 2025 oppoi

18 2004 186 2121 ssmmsspsss
202 2017 326 2089 sitiones
357 2020 467 2090 contri.
490 2022 684 2090 dotationem
714 2060 726 2097 ‚
766 2038 911 2114 notanter
935 2046 973 2090 ex
997 2039 1088 2112 parte

200 2108 472 2190 monachorum,
507 2132 646 2198 quorum
686 2109 836 2179 Abbatiae'
867 2110 963 2180 unitae
1000 2112 1111 2183 erant'

199 2199 318 2291 Episco
343 2202 444 2289 atibus
481 2220 536 2270 aut
570 2214 707 2292 gravate
732 2196 947 2290 pensionibus.
987 2199 1088 2269 Dice·

199 2290 276 2357 bant
296 2223 372 2367 iss,
402 2290 491 2379 quod
530 2287 720 2358 monasteria
761 2288 960 2380 privarentur
982 2293 1091 2381 praeb·

197 2379 353 2447 minentiis
391 2385 423 2447 δι
459 2378 544 2467 regio
584 2377 725 2446 Abbatiis
759 2402 777 2454 3x
808 2376 897 2466 quod
923 2377 1100 2468 majorum<

197 2464 334 2535 instituta
355 2467 459 2534 valere
485 2466 633 2537 deberent
657 2487 669 2546 3
697 2465 786 2552 quod
813 2464 977 2536 monachis
999 2488 1087 2558 prae-

196 2555 270 2620 feoli
305 2555 398 2620 dandi
422 2578 489 2621 non
516 2556 645 2634 essent,
675 2558 729 2640 qui
752 2555 987 2624 monachorum
1016 2555 1089 2622 dis·

195 2643 347 2734 ciplinam
386 2643 505 2712 nullam
540 2663 677 2712 tenerent
710 2668 721 2720 ‚·
757 2644 846 2730 quod
889 2643 1088 2712 violarentur

194 2732 305 2800 contri
330 2731 379 2822 jus
403 2735 543 2825 gentium
573 2735 728 2827 supremae
753 2730 938 2801 testatorum
964 2731 1093 2802 volun--

193 2835 270 2889 tates
298 2864 310 2900 ‚
344 2822 398 2911 qui
426 2822 600 2914 hospitibus
631 2827 663 2889 δι
690 2823 825 2979 egenis,
860 2821 949 2910 quod
976 2818 1100 2913 super-,-

193 2907 269 2979 esset
294 2911 529 2982 monachorum
547 2909 711 2982 necellnni
737 2935 770 2980 us
792 2950 805 2989 ‚
830 2905 1002 2979 voluissent
1019 2915 1085 2977 im·

193 2999 291 3090 pendi
315 3025 328 3083 3
354 3003 442 3089 quod
477 3025 563 3069 nunc
587 3001 715 3087 quidem
739 3001 770 3068 in
797 3001 931 3092 speciem
956 2997 1087 3068 theolo-

194 3087 226 3186 gi
255 3086 456 3158 exhibeantur
485 3128 498 3167 9
532 3087 641 3179 poste&
680 3090 799 3157 Aulicis
831 3090 940 3158 omnia
975 3087 1094 3158 futura.

196 3183 256 3244 lrnt
292 3176 410 3267 praedae
445 3201 458 3254 3
503 3179 594 3263 qnod
629 3177 717 3245 bona
748 3178 1015 3247 monasteriorum
1042 3179 1097 3248 ab

195 3288 307 3334 rnanus
345 3284 524 3334 exterorum
550 3263 707 3344 venient3
735 3266 866 3353 denique
894 3265 985 3354 quod
1012 3268 1089 3336 Rex.

193 3354 288 3446 egerit
329 3356 439 3424 contri
476 3353 689 3444 juramentum
724 3355 844 3422 samum
877 3354 909 3423 in
938 3356 1012 3423 laeto
1033 3357 1089 3422 in-

193 3443 297 3532 gressu
336 3487 348 3525 ,
393 3445 424 3513 in
465 3467 532 3532 quo
571 3441 715 3534 promisit
753 3442 874 3510 nullam
909 3443 1092 3512 Abbatiam,

192 3532 332 3602 dandam
369 3535 399 3602 in
434 3535 659 3604 commendam
682 3536 701 3614 ‚'
734 3531 798 3623 jam
823 3552 926 3602 autem
951 3532 1020 3600 dari
1048 3531 1086 3598 in

192 3622 432 3694 Commendam
456 3622 634 3716 Episcopis.
982 3707 1003 3779 S

1005 3728 1084 3802 uper
