2370 4244
191 233 256 312 236
470 223 856 304 narretur

50 317 142 387 Anno
189 312 281 403 „qui
306 331 419 381 eorum
458 313 631 402 patrocinia
656 336 711 402 per
738 314 904 404 condignae
932 314 1084 399 devotio?

51 396 145 512 1263.
191 441 218 491 ,‚¹
232 401 279 468 nis
315 401 463 487 obsequia
489 422 710 490 promerentur
738 424 747 470 ε
775 400 998 491 ille-namque
1022 429 1081 481 νε·ι

101 483 127 519 “’
192 507 357 568 „neratur
387 490 420 554 in
443 490 485 558 eis
508 530 528 566 ,·
553 512 694 578 quorum
725 490 823 582 gloria
850 493 914 583 ipse
936 493 1014 573 est,
1049 501 1084 571 ὃς

191 578 392 658 „retributio
412 578 637 668 praemiorum.
680 580 775 646 Diem
800 582 901 666 itaque
923 577 1082 659 melbonis

188 706 214 749 „
231 687 378 735 extremae
414 687 541 756 oportet
579 687 638 736 nos
671 669 761 735 bonis
782 672 930 823 pperibus
956 693 1082 775 praeve÷

190 757 329 836 „nire,
364 761 396 824 δε
432 770 622 825 aeternorum
647 758 763 837 intuitu
804 760 940 838 eminare
960 783 998 838 nr,
1019 779 1084 830 ter·.

191 845 304 930 „rim
339 844 430 931 quod
463 846 621 929 reddente
642 843 791 913 Domino
828 870 902 915 cum
928 848 1085 940 mttltiplie

194 952 305 1019 „cato
339 932 445 1002 nunu
472 934 607 1028 recolligi
634 933 769 1002 velimus
794 934 825 1001 in
854 936 955 1006 Coelis
981 978 994 1017 ,
1031 933 1087 1015 fir*

190 1018 216 1104 „
229 1045 315 1110 mam
364 1018 463 1090 fidem
523 1018 735 1110 fiduciamque
785 1040 952 1105 tenentes,
991 1026 1083 1112 quod

189 1113 286 1203 „qui
325 1110 608 1203 parceseminat,
644 1110 737 1197 parce
762 1119 794 1180 δι
818 1133 942 1192 metet,
978 1115 1084 1200 &qui

191 1241 218 1282 ‚,
231 1200 362 1267 sentinat
383 1201 416 1268 in
438 1198 732 1278 benedictionibus,
754 1202 795 1276 de
815 1203 1085 1281 beneditiionibus
1110 1227 1120 1238 ⁸

192 1332 219 1372 „
233 1296 265 1358 δι
291 1307 386 1359 metet
409 1289 509 1358 vitam
535 1311 693 1367 aternam.

240 1374 475 1458 „Univerhtati
508 1379 611 1466 itaque
635 1377 742 1450 vestrae
762 1378 964 1469 praesentium
992 1401 1083 1449 teno-

192 1492 306 1549 „nore
328 1488 441 1536 notum
462 1468 591 1536 facimus
615 1488 706 1555 atque
723 1465 931 1538 certificamur
954 1510 966 1544 ,
995 1468 1083 1558 quod

195 1599 220 1640 „
231 1560 317 1626 Rev.
351 1559 382 1624 in
423 1555 550 1625 Clnillo
584 1554 673 1626 Pater
702 1563 733 1624 δι
756 1557 1089 1630 D.Mn1tr1nus.el·
1140 1614 1141 1619 1

197 1647 311 1726 „dem
333 1645 432 1738 gratii
457 1647 632 1739 Episcopus
655 1643 918 1714 Chalcedonenlis
948 1645 1084 1731 ,noster

155 1772 158 1777 ·
196 1735 268 1815 „in
302 1731 536 1826 pontificalibus
595 1735 733 1803 vicarius
765 1740 796 1802 &
832 1730 1089 1833 Suffraganeus,

199 1823 286 1903 „die
310 1822 391 1891 datae
417 1823 613 1912 presentium
637 1825 676 1891 ad
700 1823 854 1894 humilem
880 1824 1090 1931 supplicatio„-

196 1951 222 1991 „
239 1933 346 1989 nem,
381 1911 434 1978 dili
458 1932 620 1999 entemque
676 1911 852 1980 instantiam
895 1913 1091 1991 dileCiotutu

198 2041 226 2080 „
242 2000 333 2068 nobis
373 2000 404 2066 in
435 1933 566 2068 ijhristo
597 1999 840 2067 inhabitatorum
875 1999 1005 2072 confinii
1033 2003 1091 2072 seu

201 2128 226 2168 „
241 2089 302 2158 loci
332 2129 343 2166 ,
380 2089 456 2158 diui
508 2088 676 2180 vulgariter
721 2091 885 2180 op'tKiel,
921 2090 965 2158 stti
1005 2089 1094 2165 extri

197 2219 225 2257 „
262 2198 364 2251 ortam
405 2179 458 2246 led
496 2179 574 2246 intrlt
596 2178 705 2246 limites
733 2180 920 2248 Parochialis
942 2179 1093 2254 Eccleliae

196 2201 408 2362 „iiGeotgii
434 2268 547 2360 oppidi
576 2265 809 2363 Antverpienlis
853 2268 968 2338 nostrae
998 2271 1096 2338 Dioe·

198 2397 223 2437 „
240 2355 335 2425 telios
356 2401 381 2435 ,a
402 2357 440 2425 de
465 2355 576 2425 nostris
600 2356 724 2436 licentii
747 2364 779 2424 δι
802 2356 1094 2446 permislunovam

201 2448 429 2523 „Cremna
456 2484 466 2518 t
500 2468 596 2539 quam
621 2446 630 2510 i
658 2445 678 2512 li
702 2445 948 2538 Supplicantes,
981 2447 1094 2535 quiin

200 2573 227 2612 „
241 2533 374 2624 copioso
413 2555 548 2605 numero
581 2469 747 2608 exilum,
781 2534 841 2626 piis
873 2533 986 2612 Christi
1011 2530 1096 2604 fide·

128 2653 132 2658 ·
167 2640 182 2649 “
204 2622 321 2701 „liunt
362 2620 504 2694 eleimos
521 2623 566 2692 nis
593 2621 632 2688 ad
660 2621 724 2689 hoe
752 2622 919 2717 erogatis,
956 2622 997 2693 stc
1018 2623 1096 2694 satls

199 2711 388 2802 „eleganter
429 2646 565 2792 conlrni
598 2711 795 2803 intoeperunt
839 2719 871 2780 δι
911 2713 951 2781 ad
977 2733 1097 2790 certam

203 2800 433 2889 „altitudinem
457 2799 700 2893 perduxerunt,
740 2822 815 2868 curu
842 2800 971 2870 summo
995 2802 1097 2871 Altari

200 2929 227 2970 „
244 2889 379 2976 ejusdem
414 2890 554 2981 Capellae
593 2931 606 2966 ,
651 2890 692 2964 ad
731 2890 853 2957 laudem
891 2898 924 2958 δε
957 2890 1095 2980 gloriam

202 2979 478 3069 „omnipotentis
508 2978 627 3049 Dei&
654 2977 831 3048 beatilltmae
871 2980 918 3047 vir
939 2977 994 3047 inis
1016 2977 1098 3044 Ma·

201 3069 296 3151 „riae
327 3067 391 3134 suae
413 3069 566 3157 genitricis
584 3088 608 3148 ,j
626 3068 835 3155 omniumque
854 3000 1041 3140 Saniorum
1063 3071 1101 3135 δι

176 3153 428 3234 '„·Saneinrum
485 3161 517 3221 δι
553 3156 712 3244 praecipue
743 3157 775 3221 in
815 3155 937 3225 honore
985 3162 1018 3225 δι
1037 3154 1100 3223 sub

200 3283 226 3324 „
238 3240 399 3309 vocabulis
423 3241 605 3312 lanelurum
631 3241 824 3322 catharine,
867 3241 1033 3323 Sabelliani
1060 3243 1108 3326 &A

174 3328 178 3335 ’
203 3373 228 3414 ,,
243 3335 405 3420 Antony,
443 3330 544 3398 eidem
584 3330 667 3402 Rev.
696 3331 777 3397 Patri
800 3333 973 3424 specialiter
995 3333 1103 3420 norni-

204 3441 390 3502 „natorum
420 3463 431 3499 ,
469 3420 531 3491 una
572 3441 646 3486 cum
700 3426 884 3490 caemeterio.
910 3417 1010 3510 eidem
1036 3425 1103 3501 Ca·

124 3576 128 3589 ,
206 3510 336 3600 „pellae
369 3508 637 3596 circumjacente,
674 3532 730 3575 nec
767 3533 832 3577 non
870 3504 956 3599 fonte
984 3511 1101 3602 baptis»

204 3638 230 3680 „
248 3597 347 3680 mali,
371 3599 445 3668 inibi
474 3599 515 3667 de
537 3595 649 3669 nostris
676 3596 826 3673 consensu
851 3606 883 3678 ὃς
912 3600 1102 3681 authoritate

1002 3729 1027 3771 aa
1038 3708 1100 3784 ΡΝ
