2370 4244
223 124 460 199 Culttsrb
497 112 769 201 c'ntte'nne.
879 124 945 229 33²7
1016 200 1019 207 ,

64 234 160 312 ·,·,pto
187 211 329 311 piolibus
359 214 503 312 ipsorum
529 216 776 289 inhabitatorum
795 234 941 311 tempore
1003 210 1100 313 Α’ῠζῑῡ

63 307 296 389 „nodorum
325 328 379 377 aut
419 308 492 376 aliis
517 303 688 375 neceffirare
714 309 748 375 id
772 309 941 402 exigente,
1005 308 1101 388 l5t53.

62 396 293 489 ,baptizandis
335 393 474 489 polito,
510 418 584 464 cum
623 397 816 465 orationibus
839 441 852 476 ,
879 399 948 468 lita·

61 486 156 567 „niis
178 528 191 565 ,
227 485 430 554 unctionibus
453 490 486 554 δι
505 484 806 563 benedictionibus,
827 508 863 557 ac
883 512 945 557 cae·

61 575 170 655 „teris
204 577 387 643 ceremoniis
420 580 453 644 &
480 574 727 643 solemnitatibus
764 576 797 643 in
829 574 943 644 talibus

59 659 163 743 „fieti
189 662 284 732 solitis
314 670 347 734 δε
383 662 570 741 consueris,
607 661 661 732 ritd
686 665 841 734 benedixit
860 661 944 734 &in

60 752 163 832 „Dei
187 753 315 820 nomine
342 752 496 821 dedicavit
521 758 553 819 δε
566 750 770 821 consecravit.

108 841 185 919 „Et
219 859 254 910 ut
285 840 343 931 ipsr
366 840 481 909 Christi
508 837 613 909 fideles
638 842 680 909 ad
702 841 867 929 Capellam
892 840 946 910 seu

63 930 205 1011 „Altare
234 930 421 1020 protasium
454 928 494 996 eb
522 926 661 996 libentibs
686 928 779 999 cansa
799 930 949 999 devotio-

63 1020 144 1101 „nis
174 1025 206 1089 δι
243 1020 393 1088 orationis
421 1012 616 1096 confluant3
639 1032 706 1105 qtto
733 1032 771 1087 ex
792 1016 856 1088 hoc
880 1043 949 1090 coe·

60 1105 179 1189 „lestis
211 1108 300 1176 dono
324 1106 431 1199 gratiae
458 1100 581 1173 ubetitls
605 1104 635 1173 se
656 1106 870 1201 conspexerint
897 1132 946 1177 re-

57 1198 237 1278 „sedlos,
272 1196 422 1263 omnibus
454 1196 488 1263 δε
521 1192 645 1285 singulis
680 1201 835 1285 utriusque
858 1196 948 1266 sexsts

56 1284 216 1367 „christi
247 1281 391 1351 fidelibus
423 1322 436 1363 ,
483 1280 556 1352 rere
576 1283 831 1374 poenitentibus,
865 1296 948 1354 con.

59 1414 87 1456 „
96 1374 174 1443 tritis
200 1378 233 1440 &
257 1366 398 1442 confeffis
423 1414 436 1453 ,
470 1374 524 1460 qui
550 1373 671 1442 disiam
699 1373 865 1467 Capellam
891 1375 945 1443 seu

54 1494 87 1545 3,
101 1462 207 1531 altare
229 1460 260 1528 in
285 1461 419 1530 suorum
439 1462 681 1542 Patronotum,
701 1486 759 1531 nec
784 1474 848 1529 non
868 1474 949 1550 qua·

57 1590 89 1632 „
102 1566 177 1619 tuor
198 1549 422 1643 principalibus
445 1550 520 1619 anni
542 1546 769 1622 Festivitatibtts
789 1550 948 1622 humiliter

55 1644 129 1721 »δι
169 1639 285 1709 devote
317 1637 541 1718 visitaverint,
574 1639 689 1727 quibus
713 1647 745 1711 δε
769 1643 891 1731 quoties
912 1640 946 1711 id

55 1766 85 1809 „
96 1728 254 1809 iecerint,
294 1746 385 1819 atque
425 1729 467 1798 ad
500 1726 594 1821 ipsius
621 1730 815 1822 Capella-8<
835 1730 948 1801 Altarls

54 1817 361 1909 „reparationem
397 1818 604 1888 luminarium
632 1837 943 1901 ,ornamentotum,

56 1912 129 1985 a&
162 1907 298 1979 calicum
345 1908 617 1978 manutentionem
656 1914 688 1976 δι
723 1910 947 1978 fulcimentum

56 2017 208 2075 „manus
235 2000 428 2088 porrexerint
447 1996 645 2084 adjutrices,
679 1998 718 2063 de
741 1998 948 2086 omnipoten-
977 2030 980 2039 ·

53 2084 136 2168 „tis
157 2085 220 2152 Dei
245 2082 458 2153 misericordis
478 2107 516 2152 ac
536 2086 705 2149 beatorum
729 2085 811 2151 Petri
823 2084 948 2152 &Pau-

53 2171 122 2253 „li
144 2170 367 2273 apostolorum
406 2171 471 2258 ejus
514 2168 734 2251 authoritate,
769 2167 952 2263 gloriosrlli.

52 2290 84 2345 5,
98 2281 222 2349 maeque
253 2260 380 2352 virginis
397 2259 548 2337 Mariae,
584 2264 618 2325 δι
644 2261 791 2329 omnium
818 2258 950 2331 Sando-

57 2368 171 2430 „mm
195 2354 229 2420 δι
256 2348 442 2418 Sanctarum
490 2347 606 2417 metitis
629 2354 662 2418 &
685 2338 949 2424 intercessionibus

55 2470 85 2519 ·„
97 2434 230 2519 confisi,
252 2439 456 2542 quadraginta
478 2437 744 2594 indulgentiarum
770 2441 834 2511 dies
847 2434 859 2533 l
872 2460 949 2545 quas

53 2529 186 2607 „etiam
210 2551 270 2597 nos
281 2527 466 2596 authoritate
476 2525 560 2594 nostr
594 2526 808 2616 pontificali&
821 2528 951 2600 ordina.

52 2644 81 2698 9,
91 2615 379 2707 riiappnobamus,
391 2616 602 2711 gratificamus
612 2622 644 2685 δι
654 2614 881 2685 confirmamus
895 2641 951 2710 per

53 2744 81 2787 „
95 2705 282 2795 praesentes)
310 2710 465 2796 perpetuis
488 2704 598 2771 littoris
609 2708 804 2795 temporibus
820 2707 950 2775 durato,

54 2834 84 2875 „
100 2816 149 2862 ras
160 2835 173 2873 ,
189 2793 229 2863 de
253 2791 399 2882 injunsiis
424 2792 464 2858 eis
486 2792 697 2883 poenitentiis,
710 2792 948 2863 misericorditer

53 2883 126 2961 „in
161 2884 311 2951 Domino
337 2880 540 2949 relaxandum
567 2879 689 2959 duxit,
725 2887 757 2950 δι
788 2882 948 2955 relaxavit.

55 2970 290 3051 „Mandemus
324 2970 491 3063 propterelt
520 2970 697 3127 Capellano
722 2969 776 3041 seu
800 2972 946 3043 Deservi·

56 3061 157 3141 „tori
192 3059 354 3129 missarum
392 3061 425 3128 in
452 3058 535 3129 dicia
591 3062 717 3153 apella,
739 3063 951 3151 omnibusque

53 3190 84 3229 „
97 3154 130 3215 δι
150 3144 272 3240 singulis
298 3151 423 3218 Curatis
451 3150 543 3218 nobis
565 3149 713 3229 subditis,
735 3151 884 3240 quatentls
907 3152 950 3220 ad

56 3235 156 3317 „hoc
177 3234 310 3323 requiliti
332 3238 536 3328 indulgentias
556 3241 720 3331 praetab’tas
746 3239 870 3328 populo
889 3238 949 3308 suo

56 3365 83 3405 „
96 3320 264 3413 respeslivt':
284 3328 446 3416 publicent
469 3330 553 3405 ,.&
577 3326 617 3391 ad
641 3326 706 3413 ejus
726 3327 870 3394 notitiam
892 3328 949 3398 de·

58 3413 212 3494 „ducant
267 3419 300 3481 δι
339 3414 451 3485 deduci
473 3413 599 3482 faciant.
632 3413 668 3482 In
695 3410 947 3501 cujusrcifidem

55 3508 125 3585 „ie
164 3498 380 3580 tessimonium
413 3499 548 3593 sigillum
585 3501 727 3579 nostrum
751 3502 952 3659 praesepibus

818 3633 842 3671 η
867 3613 957 3666 1ἷῖὓῖΙὸ
