2370 4244
221 182 289 267 ‘spa
469 168 734 244 annisis·
767 173 871 243 nri

226 269 332 347 „beat
369 265 403 331 &
441 269 610 340 tencatur,
647 252 709 330 fine
741 245 873 352 alicujus
896 261 1118 355 placiudicio'i

228 353 387 444 „erigere
420 356 453 441 ὃς
479 347 664 431 constituere
691 346 830 438 :illique
876 376 913 422 ro
939 354 1021 425 illius
1044 360 1115 429 dote'

222 438 297 526 „Sc
334 433 479 509 Remotis
509 437 564 508 seu
600 439 776 508 Rediorum
804 462 841 510 ac
852 374 1113 531 iresbyterorum'

224 528 478 613 „sustentatione
518 531 603 597 bona
640 550 714 621 per
764 527 890 598 eosdem
929 550 1114 622 exponentes

160 628 162 632 '
226 619 307 700 „illi
348 602 527 710 alfignanda
563 613 719 709 'perpetuo
756 617 911 712 applicare
938 625 971 689 &
997 645 1113 716 appro-

226 707 370 797 „priare'
406 717 416 773 't
456 704 623 796 ipsumque
659 724 813 796 pagum,
845 707 878 776 in
913 707 1036 798 illoque
1058 736 1115 804 pro

228 840 253 878 ,‚
269 796 414 887 tempore
450 793 652 862 inhabitantes
682 793 808 865 adleta
854 790 982 866 ecclelia
1022 798 1116 870 {anili

233 929 260 968 „
273 884 405 976 Georgii
443 879 597 973 perpetuo
641 881 781 975 separare
811 887 842 951 δι
866 885 1026 978 segregare
1050 914 1063 966 3
1083 891 1117 957 il-

235 957 401 1061 „l'umque
439 977 471 1041 &
514 970 584 1040 illos
603 993 664 1063 pro
689 971 843 1063 parochia
867 976 1117 1066 &parochianis

230 1105 255 1145 „
269 1048 411 1148 ejusdem
443 1058 667 1129 constituenda
708 1058 853 1131 Ecclefiae
892 1067 1119 1135 concedere&

225 1147 410 1242 „allignare
432 1174 445 1226 3
472 1173 509 1216 ac
541 1146 589 1237 jus
603 1148 795 1305 patronatus
808 1152 1057 1243 &praesentandi
1079 1171 1116 1224 ac

228 1283 254 1321 „
268 1236 465 1314 nominandi
476 1236 537 1305 loci
551 1236 601 1305 Or
624 1232 722 1307 'nario
732 1280 744 1317 ‚
769 1238 939 1329 postquam
957 1241 1120 1312 construx-

231 1371 258 1411 ‚‚
268 1329 347 1397 erint
358 1333 390 1395 δι
401 1326 592 1402 dotaverint,
599 1330 763 1418 perlonam
770 1329 822 1397 seu
836 1328 980 1420 personas
990 1331 1119 1402 idoneas

232 1417 313 1498 „ad
335 1415 433 1509 ipsam
448 1413 689 1487 construendam
704 1413 860 1486 ecclefiam
877 1459 888 1497 ‚
909 1434 975 1488 tam
988 1422 1026 1488 ab
1036 1420 1118 1490 illius

233 1550 260 1588 „
275 1507 430 1597 primeva
462 1502 617 1574 ereelione
641 1546 654 1583 ‚
685 1503 780 1593 quim
805 1505 882 1575 durn
908 1530 970 1600 pro
992 1527 1116 1600 tempo·

234 1639 259 1678 ‚‚
273 1607 306 1664 're
339 1594 530 1673 vacaverit,
564 1594 722 1672 Praetori,
761 1593 898 1664 Scabinis
940 1603 974 1665 &
1012 1598 1117 1668 incolit

235 1696 261 1768 ,3
274 1684 348 1753 diui
374 1682 448 1776 pagi
470 1696 532 1774 pro
555 1702 700 1775 tempore
726 1681 918 1753 existentibus
943 1686 1116 1765 reservare,

237 1818 261 1856 ,‚
276 1770 460 1843 constituere
482 1776 513 1839 δι
534 1768 685 1864 ¹affignare
725 1771 809 1842 dieta
827 1774 1012 1845 auctoritate
1032 1800 1118 1845 cure·

235 1862 342 1944 „tiss
377 1883 444 1929 non
480 1856 671 1928 obstantibus
698 1863 725 1929 A
754 1861 881 1932 lis.
915 1862 953 1930 ln
980 1869 1116 1952 quoruni

239 1994 263 2032 „
277 1945 372 2017 fidem
398 1945 561 2040 praescntes
585 1949 696 2017 litteras
719 1882 817 2028 ieri,
851 1949 1011 2039 nostrique
1036 1951 1058 2021 li
1079 1948 1118 2022 illl

236 2033 417 2127 „juffimns
456 2041 487 2104 &
514 2035 644 2105 fecimus
675 2059 693 2104 a
719 2035 866 2142 penfione
892 2041 1020 2111 muniti.
1053 1974 1119 2110 Βα-

236 2147 339 2212 „turn
365 2125 520 2195 Bruxellae
539 2128 668 2195 Camer.
723 2115 839 2196 roecelis
867 2140 952 2196 anno
978 2126 1120 2201 incarna-

237 2260 261 2300 ,‚
275 2217 367 2288 tionis
386 2216 556 2286 dominicae
581 2229 676 2304 1557.
689 2265 698 2284 .
710 2263 742 2286 ..

283 2305 447 2383 Pasochiae
484 2319 590 2375 autem
621 2298 715 2391 hujus
745 2305 860 2374 cicilio
895 2307 937 2375 ad
970 2303 1120 2380 effe&um

50 2397 340 2467 consenseram&
363 2418 430 2464 non
452 2394 511 2462 fuit
534 2435 547 2472 ‚
583 2393 708 2463 defectu
733 2394 857 2462 indubie
883 2397 1053 2466 dotationis
1073 2423 1120 2465 re·

50 2467 227 2586 ‘³92⁰”P‘ffi'
243 2483 362 2576 quisrtae
385 2486 417 2552 in
439 2478 656 2551 conceffione:
676 2483 730 2551 sed
755 2483 861 2552 deince
885 2509 899 2552 s
923 2507 1007 2553 anno
1024 2499 1121 2574 ¹563·

51 2556 122 2592 ‘¹⁸¹²'
243 2560 359 2644 incolae
378 2569 581 2639 obtinuerunt
603 2565 755 2639 licentiam
783 2507 978 2643 continendi
1001 2574 1124 2666 Capela'

243 2663 306 2733 lam
334 2703 345 2740 ‚
376 2661 409 2728 in
431 2681 494 2746 qua
512 2656 664 2730 continuo
689 2660 890 2730 celebraretur
923 2659 1038 2745 milla,
1064 2669 1122 2743 &5

242 2773 276 2824 ut
298 2747 478 2821 obviaretur
502 2747 757 2818 inconvenientiis
778 2755 810 2818 &
834 2743 1123 2843 periculispraetac·

243 2837 313 2919 tir,
348 2836 490 2909 concello
511 2839 582 2907 sunt
603 2841 645 2908 eis
669 2839 868 2909 cemeterium
895 2838 930 2925 sk,
952 2841 1024 2910 fons
1044 2844 1122 2934 bap*

242 2929 367 3005 tismalis
386 2932 448 3023 pr'o
470 2929 662 3034 baptizandis
685 2929 850 3006 infantibus
874 2935 1018 3084 tempore
1043 2954 1124 3001 noc·

239 3042 335 3091 turno
361 3025 393 3088 δι
413 3020 444 3086 in
464 3018 530 3086 alin
555 3014 776 3087 neceffitatibus
800 3058 814 3098 5
843 3034 878 3086 ut
902 3019 934 3085 in
962 3016 1044 3086 aad
1056 3019 1125 3089 dici

240 3130 310 3179 tum
334 3129 453 3175 annum
478 3104 565 3174 latius
589 3108 717 3176 dicetur.
901 3124 904 3129 '

284 3282 576 3355 Gerontocomiurn
600 3278 664 3348 l'roc
687 3304 772 3350 anno
801 3284 969 3354 fundatur'n
995 3289 1137 3355 refertut'

70 3409 222 3456 Gerontoco·
241 3370 349 3468 prope'
378 3364 593 3459 Kella-bragga
627 3371 678 3437 sex
716 3372 788 3440 'viris
817 3392 905 3442 aetate
931 3387 987 3443 aut'
1005 3377 1136 3443 morbo'

51 3470 130 3518 mium
138 3471 166 3518 u.
176 3481 221 3512 van
247 3463 394 3534 confodis
395 3484 463 3619 per
475 3465 695 3528 Hermannum
718 3485 783 3528 van
806 3459 867 3553 dm
888 3461 1014 3544 Hoeclre
1033 3504 1045 3541 ,
1067 3462 1138 3548 qltl·

51 3536 92 3578 ⁴⁰⁸
109 3532 199 3589 ⁸⁰“¹“'
244 3575 349 3642 arcam
417 3549 513 3626 edit,
551 3553 583 3617 δι
619 3550 699 3618 aedes
734 3547 848 3621 statuit.
890 3551 1024 3625 Domus
1047 3547 1124 3705 paee

554 3674 559 3681 ·
948 3682 951 3687 ,
1024 3656 1122 3729 nque
