2370 4244
217 211 456 284 Cuurrro
502 225 768 282 enascitur.
885 227 946 296 ¹23

76 301 203 388 ’ς.Νὲ
253 302 323 390 quis
370 301 465 369 laicus
511 317 566 367 aut
619 296 695 365 alius
736 293 870 387 disputet
906 299 946 366 de
1010 297 1111 368 Anno

60 392 218 483 Scriptura
254 391 342 459 sacra
400 386 499 457 ublice
539 387 589 454 vel
622 384 781 461 occulte,
818 404 854 454 ut
875 407 946 453 eam
1014 406 1109 474 1550.

61 484 212 558 doceat,
258 476 313 547 nisi
369 498 394 548 tt
434 474 624 568 Theologus
668 481 701 542 δι
744 476 786 545 ad
828 475 861 546 id
887 489 954 567 ap·‘

60 573 227 665 probatus.

110 672 144 728 6.
157 656 210 727 Ne
234 656 288 747 qui

62 747 147 817 blicd
184 746 234 815 vel
268 747 390 817 occulte
431 746 563 835 aliquod
599 742 757 841 punctum
792 742 948 813 doditrnae

61 835 293 935 praedidlorum
312 837 496 910 sudorum.

110 921 188 1012 7.Si
210 924 276 1013 quis
302 926 414 995 contri
443 922 574 1014 aliquod
588 922 825 1078 praesidiorum
848 928 951 1014 puuc-¹

62 1033 174 1083 torum
197 1015 289 1106 egerit
314 1057 326 1092 ‚
357 1015 506 1106 punietur
530 1031 566 1080 ut
602 1010 747 1079 editiosus
768 1017 801 1078 δι
825 1029 949 1101 pertut-

62 1106 156 1173 bator
190 1104 402 1194 Rei-publicae
430 1097 611 1179 tnimirdm
633 1099 694 1169 viri
714 1099 821 1191 gladio
847 1105 880 1166 dc
902 1101 949 1166 fe-

61 1194 159 1269 minae
193 1190 409 1277 submersione
428 1183 626 1282 (gedorem)
651 1185 672 1255 fi
696 1210 761 1257 non
789 1184 949 1279 perfillant

61 1289 94 1367 ln
118 1303 222 1349 errore
246 1306 258 1360 3
283 1276 405 1348 sivero
431 1283 463 1345 in
489 1275 594 1347 haereli
616 1276 841 1367 perseverent,
864 1279 949 1365 ignc.

62 1370 105 1439 Et
140 1370 174 1437 iu
210 1391 344 1461 utroque
379 1366 452 1437 casu
478 1369 563 1439 bona
582 1389 695 1434 eorum
719 1362 796 1441 fiseo
822 1365 949 1437 addida

58 1477 162 1531 munt.
1012 1517 1020 1530 .

65 1536 71 1545 ¹
109 1547 183 1612 8.A
211 1545 298 1623 die,
335 1568 403 1633 quo
426 1547 535 1614 contri
559 1542 624 1613 hoc
643 1540 792 1613 statutum
818 1549 850 1610 &
897 1565 951 1610 to-
967 1517 1140 1632 ἓζᾎξᾛ

60 1634 252 1707 bibitionem
285 1634 401 1727 egerint
436 1635 497 1707 vel.
524 1636 557 1701 in
590 1633 691 1705 dictos
729 1655 847 1700 errores
872 1565 949 1724 lips»
967 1645 1086 1698 sambuce
1106 1641 1137 1695 ad

60 1724 216 1801 fuerint,
254 1746 344 1797 erunt
377 1723 528 1795 inhabiles
565 1723 606 1795 ad
646 1722 878 1816 disponendum
910 1721 948 1789 de
964 1710 1112 1832 affe*

62 1811 126 1885 suis
146 1813 237 1881 bonis
260 1838 272 1892 ς
297 1819 330 1883 &
367 1836 478 1882 omnes
509 1812 706 1882 alienationes
730 1854 743 1890 ,
773 1805 950 1888 cessiones,
1083 1809 1092 1826 ⁴

61 1901 260 1974 venditiones
282 1942 296 1982 ,
324 1904 498 1993 emptiones
521 1910 580 1980 &o
620 1901 798 1971 testamenta
819 1901 872 1969 seu
893 1926 948 1969 ex·

63 2008 171 2063 tremae
204 1991 380 2061 voluntates
406 2034 419 2070 ‚
456 1991 474 2069 ὲ
503 1992 552 2060 die
574 1991 627 2061 illa
652 2016 707 2084 per
730 1992 814 2085 ipsos
841 1990 947 2070 iada,

62 2078 199 2147 invalida
224 2101 315 2152 erunt
333 2088 365 2149 8ι
392 2082 504 2156 nullius
528 2082 661 2149 roboris.

89 2167 203 2271 ,poNd
227 2170 295 2256 quis
319 2170 447 2258 recipiat
469 2188 524 2237 aut
550 2169 699 2236 recondat
723 2166 872 2256 personas
897 2166 950 2234 vel

63 2254 153 2323 bona
183 2254 401 2346 suspediorum
441 2256 482 2324 de
517 2253 624 2322 leae-test
652 2281 661 2329 ;
694 2261 726 2320 &
759 2253 779 2321 li
805 2250 952 2333 iuliae,

63 2343 225 2427 denuntiet
263 2339 441 2432 Inquisitori
468 2344 518 2410 vel
544 2339 710 2421 Officiario
732 2341 795 2411 loci
821 2384 834 2422 ‚
870 2342 949 2416 alio-

63 2430 120 2521 qul
145 2455 179 2499 re
204 2431 340 2502 utabitut
365 2435 470 2501 fautor
490 2431 719 2505 hereticorum.
788 2458 791 2463 ·

113 2455 207 2599 todi
238 2523 305 2611 quis
343 2548 382 2590 ex
406 2518 599 2613 supplicitate
625 2523 656 2589 in
684 2521 824 2604 haeresim
847 2520 950 2616 lapsus

62 2609 158 2712 egerit
182 2613 290 2680 contri
314 2608 418 2680 nostra
440 2611 581 2689 statuta,
617 2616 649 2678 δι
675 2610 857 2703 tempestive
879 2634 951 2701 poe·

60 2717 161 2765 mtens
184 2700 272 2788 apud
292 2698 509 2786 lnquifitorem
535 2700 587 2767 vel
607 2701 807 2792 Episcopum
825 2699 952 2787 abjura-

62 2787 180 2859 verit,
215 2809 280 2853 non
316 2788 431 2879 poterit
465 2789 608 2876 deinceps
638 2788 793 2879 disputare
816 2788 855 2854 de
880 2787 952 2856 arti-

63 2874 142 2947 culis
163 2868 238 2941 fidei
259 2872 275 2952 ’,
306 2875 426 2961 alioqui
451 2878 644 2964 reputabitur
664 2876 814 2966 relapsus.

112 2961 208 3031 11.Si
234 2965 303 3051 quis
331 2987 395 3031 non
428 2963 624 3040 concides,
663 2963 716 3030 sed
740 2979 871 3053 propter
895 2985 951 3030 uo-
972 2961 1120 3030 uentapfis.

64 3038 241 3133 ltementcm
276 3051 487 3145 suspicionem
524 3051 652 3142 punitus
683 3050 826 3140 djudiee
853 3051 953 3120 eccle-

64 3139 184 3209 fiallico
221 3142 272 3208 vel
302 3142 387 3212 civili
413 3141 562 3213 reincidat
586 3141 617 3207 in
642 3137 817 3220 haerestm,
854 3148 887 3212 dc
908 3143 953 3211 se-

66 3231 141 3311 ecrit
177 3232 285 3299 contria
327 3231 460 3318 aliquod
476 3229 530 3298 'cx
573 3231 664 3321 supri
701 3232 801 3300 relatis
842 3229 953 3299 nostris

64 3317 220 3401 mandatis
244 3360 257 3396 ‚
291 3320 444 3389 volumus
472 3363 486 3399 2
522 3340 556 3389 ut
586 3341 743 3408 reputetur
779 3317 913 3407 relapsus
939 3361 952 3396 ,

65 3405 208 3491 adeoque
244 3408 420 3495 puniendus
452 3431 506 3498 per
529 3406 784 3486 confiscationem
810 3408 953 3500 corporis

64 3500 98 3581 βε
127 3495 298 3564 bonorum.
367 3498 369 3503 ’

18 3621 24 3631 ·
115 3580 314 3679 ra.Suspedi
339 3586 378 3668 de
406 3584 543 3668 naresi,
579 3583 697 3663 etiarnsi
720 3607 776 3678 per
798 3585 956 3685 preniten-

877 3693 955 3744 tiam

964 538 1144 605 Disputatiodd

963 609 1093 670 Scriptum

289 635 501 749 spraedicet}
537 653 620 723 dicat
644 651 695 719 vel
721 649 866 721 sustineat
885 675 947 756 pu-
