2370 4244
238 100 461 175 Cun'rtrn
495 120 745 174 centenus.
893 124 954 185 179
993 172 996 178 .

48 194 191 289 ceptis,
221 195 276 283 qui
314 194 386 263 sunt
423 192 462 261 de
499 186 706 283 opificiorum
728 186 801 259 coll
841 188 954 279 linqui
1011 182 1106 252 Anno

54 284 200 353 invicem
236 283 353 352 deferre
413 278 519 349 olsunt
557 305 571 359 3
605 283 638 348 δι
675 279 714 347 de
753 279 808 384 opi
835 278 886 347 cio
912 277 977 354 de,
1017 272 1110 361 1558·

58 371 236 462 Metrlclre
262 414 284 451 ,,
301 372 355 458 qui
381 304 561 449 deferentur
583 390 638 472 per
661 368 835 459 decreprtos
858 366 951 436 inha.

58 462 198 616 {nitentes
233 460 391 553 planitiem
425 457 632 551 S.Nieolar;
658 455 713 527 nist
749 453 834 549 pelle
855 456 950 525 obiis-

81 568 148 618 ent.

117 660 150 705 2.
173 636 210 703 ln
244 637 402 725 Exequiis
435 636 539 719 nullus
581 634 693 715 serviet
738 632 795 704 nili
831 636 952 703 Fratres

63 726 230 804 Cellitae,
261 728 396 816 exceptis
417 726 506 795 dinis
532 712 678 818 opificiis.

120 838 151 903 3.
172 814 235 882 Pro
266 814 424 905 sepultura
464 815 497 880 in
535 811 660 883 ecclelia
689 811 817 917 quisque
840 814 952 880 Frater

66 902 198 972 habebit
218 924 249 971 2.
268 902 398 972 stuferos
424 945 435 980 ‚
467 909 499 969 δι
519 902 550 968 in
577 901 724 988 exequiis
746 925 776 988 3.

113 1018 151 1083 4..
168 994 230 1061 Pro
240 994 349 1075 funere
360 991 446 1073 dieto
453 986 589 1081 schellyk
608 988 720 1078 ‚quod
732 1013 806 1061 cum
816 1009 952 1078 quatuor

68 1082 229 1151 fratribus
250 1080 396 1173 sepelitur
417 1119 430 1156 ‚
464 1076 592 1167 quisque
612 1076 737 1150 habebit
763 1101 795 1152 2.
824 1081 895 1152 stuf.
916 1086 950 1149 &

67 1168 102 1237 in
124 1171 271 1256 exaequiis
293 1167 419 1261 quisque
442 1186 476 1237 2.

120 1279 150 1341 5.
172 1258 235 1324 Pro
271 1256 438 1325 humandis
469 1255 627 1337 funeribus
650 1256 741 1326 diuis
765 1256 954 1345 Vrouwlyck

74 1344 127 1421 vel
166 1343 366 1432 cuis-lyd,
397 1366 535 1431 quorum
570 1344 727 1437 sepultura
751 1353 784 1412 &
807 1347 954 1431 exaequiae

69 1428 157 1501 fiunt
190 1433 304 1499 eodem
340 1434 619 1511 antemeridiano,
664 1432 790 1503 habebit
824 1432 955 1525 quisque

67 1514 181 1592 Frater
205 1542 306 1603 unum
327 1521 497 1593 mserum.-

120 1626 153 1678 6.
178 1609 319 1698 Quisque
341 1612 463 1702 prolem
484 1613 576 1695 lnam
601 1655 614 1693 ‚
643 1634 741 1702 quam
767 1637 848 1684 nnus
869 1616 950 1684 ferte

75 1697 177 1789 potest
211 1738 224 1776 ,
273 1701 389 1769 deferre
451 1700 542 1783 oterit
581 1725 639 1796 per
676 1726 911 1794 quemcumque
938 1744 951 1784 ,

75 1787 152 1855 nihil
176 1787 248 1856 inde
271 1789 384 1863 debens
407 1723 536 1860 (sillitis.

119 1902 154 1963 7.
174 1878 294 1947 Cellitae
314 1901 379 1978 pto
400 1881 473 1959 Deo
496 1879 623 1972 sepelire
649 1881 782 1961 debent,
804 1883 857 1970 qui
881 1880 954 1951 sunt

75 1964 134 2034 sub
168 1966 415 2047 Eleemohnariis
447 1988 502 2037 aut
523 1968 660 2037 Camere
678 1969 711 2039 S.
724 1970 853 2063 Spiritus
879 2007 902 2048 ‚·
928 1968 953 2036 sr

76 2055 253 2125 moriantur
278 2076 438 2145 pauperes.
575 2130 577 2135 ,

124 2144 157 2210 8.
180 2139 341 2207 Tenentur
374 2140 509 2229 requisiti
549 2142 697 2212 inservire
735 2147 860 2237 aegrotis
891 2168 955 2236 pto

77 2229 197 2299 decenti
240 2229 329 2298 vidu
373 2236 405 2299 &
448 2252 481 2300 a.
515 2228 633 2315 stuferis
676 2256 738 2328 pro
784 2234 834 2302 die
876 2257 956 2304 noc·

75 2340 110 2389 tu
134 2342 183 2386 ue.

112 2343 157 2491 q9.
178 2406 306 2499 Insuper
343 2410 525 2479 ordinatum
548 2453 561 2490 ‚
596 2412 686 2500 quod
710 2412 842 2484 debeant
862 2413 960 2483 habe-

78 2521 113 2567 re
132 2500 370 2568 convenientem
392 2518 563 2567 numerum
588 2503 733 2570 Fratrum
756 2505 796 2570 ad
821 2505 957 2571 servien-

81 2587 163 2653 dum
197 2587 416 2654 communitati
446 2606 592 2678 tempore
617 2591 844 2680 contagionis,
881 2590 959 2659 licut

80 2676 115 2743 8ἰ
166 2671 231 2742 aliis
281 2674 487 2765 temporibus.
546 2673 591 2743 lta
625 2678 753 2745 refertur
783 2682 816 2748 in
849 2677 965 2749 Chrnn.

81 2768 160 2833 Ms.

127 2940 228 3033 Suprh
261 2942 303 3009 ad
338 2965 389 3010 an.
417 2942 511 3025 1528.
545 2939 638 3034 posui
661 2966 738 3013 cum
763 2943 963 3032 Grammaye

79 3032 301 3099 fundationem
333 3031 459 3100 Domsu
485 3032 647 3114 Juvenum
684 3033 734 3102 bct
764 3034 964 3124 Knechtjens·
983 3089 999 3141 d
1018 3022 1145 3136 suffe,

81 3118 158 3204 heys
183 3121 215 3185 iu
252 3123 323 3187 foro
352 3120 469 3207 equino
495 3152 506 3189 .·
531 3123 581 3189 alii
613 3142 744 3200 aurem,
766 3145 802 3193 ut
823 3129 963 3193 Scribnn.
985 3105 1132 3216 &cluens-

82 3207 202 3297 Papeb.
227 3212 324 3286 &c.,
370 3232 440 3277 eam
478 3214 617 3278 referunt
652 3212 693 3278 ad
727 3211 813 3280 hunc
845 3235 965 3279 annum
984 3221 1045 3278 hun·

88 3296 185 3381 1558.
222 3292 341 3363 Verum
365 3298 558 3365 conveniunt
579 3300 610 3364 in
633 3299 804 3367 fundatrice
831 3342 843 3377 ,
879 3303 968 3388 quod

87 3381 123 3455 stt
151 3390 284 3472 Joanna
317 3410 383 3453 van
417 3382 637 3468 Schoonbeek‚
672 3387 763 3472 idque
791 3388 909 3459 constat
929 3416 967 3458 ex
1022 3406 1024 3415 '

85 3475 186 3567 lapide
212 3471 277 3562 ejus
299 3471 484 3564 sepulchrali
508 3476 612 3562 posito
635 3476 668 3543 in
690 3475 870 3547 Cathedrali
884 3480 969 3566 juxrd

484 3560 527 3629 M
547 3583 569 3628 a
864 3570 970 3636 Altere
