2370 4244
248 93 481 168 cessisse
518 114 805 167 emesenus.
901 116 966 182 zze

115 184 218 278 Super
256 187 310 256 his.
327 207 433 258 autem
455 182 664 255 &similibus
690 183 864 255 innumerae
892 185 963 256 latae
1025 183 1123 253 Anno

71 270 143 345 sust
222 277 391 347 eremoniae
421 274 462 344 ad
495 274 614 342 Aulam
642 276 710 352 5&
740 269 815 343 hinc
853 273 962 344 dilatio
1031 288 1126 361 1561.

71 366 159 432 admi
185 367 266 434 tonis
296 364 512 453 quorumdam
535 360 774 454 Episcopotum
798 404 812 442 ‚
849 384 963 447 notan-

72 471 119 521 ter
153 452 385 547 Antverpicnfis
419 479 433 532 3
465 453 538 542 quia
589 457 621 520 δι
656 452 896 541 Antverpienles
929 459 963 522 δι

73 540 226 635 Religiost
251 542 282 613 S.
304 542 453 611 Bernardi
482 540 605 611 nullum
633 565 699 609 non
723 560 897 612 moverunt
918 541 964 608 la-

74 630 184 721 pidem
206 633 246 701 ad
270 631 503 727 impediendam
526 636 559 700 δι
582 624 803 700 admiffionem
829 629 964 701 &dota-

74 719 196 788 tionem
218 722 380 815 Episcopi.

122 809 289 900 Quantum
323 831 427 882 autem
460 810 503 879 ad
544 808 762 897 queremonias
779 805 965 880 monacho·
982 847 1156 903 consulerunt

74 919 188 979 rum,
225 902 299 988 quia
320 902 416 989 Regis
436 895 595 968 honorem
621 898 847 989 impetebant,
884 921 964 966 con·
981 909 1155 977 detupetuu.

72 961 312 1061 fultaeffuerunt
337 991 470 1079 desuper
495 985 668 1058 Facultates
688 986 773 1070 Juris
794 991 828 1055 &
851 984 965 1056 Theo·
982 979 1077 1030 Μ·

77 1072 171 1169 logiae
196 1077 413 1149 Universrtatis
431 1073 663 1154 Lovaniensts,
686 1098 821 1162 quatum
847 1076 966 1147 resolu-

72 1167 118 1233 tio
165 1167 227 1237 inte
249 1192 285 1236 ra
321 1169 457 1237 'refertur
503 1165 594 1258 Dipl.
641 1167 729 1255 Belg.
780 1167 869 1235 Tona
896 1171 964 1236 ΙΙΙ.

76 1258 166 1328 Pan.
195 1263 244 1328 Ι.
288 1263 367 1352 Cap.
408 1278 518 1344 177.,
565 1259 598 1323 &
636 1253 710 1335 data
740 1255 800 1324 fuit
830 1279 865 1342 4.
885 1252 964 1344 junii

73 1365 91 1417 Ι
119 1357 180 1415 6ιὶ

98 1365 157 1499 5ln
182 1456 217 1503 ea
242 1434 378 1524 probant
401 1429 588 1502 Pontificem
613 1430 705 1521 polle
727 1432 845 1523 erigere
856 1455 962 1512 novos
982 1455 1152 1515 desolationes

66 1520 288 1613 ¹Episcopatus
309 1554 319 1603 ,-
349 1523 552 1594 Etefflonem
580 1519 833 1614 Episcopatuunt
847 1521 879 1589 in
890 1523 962 1592 Bel·
979 1521 1097 1590 illm·

11 1656 15 1661 -
73 1611 132 1704 gio
154 1610 356 1682 necellatiam
381 1618 414 1682 δι
440 1613 564 1703 piam,
599 1629 634 1680 ut
666 1610 769 1680 nullus
792 1607 853 1680 line
873 1610 962 1683 scru-

75 1697 160 1792 pulo
182 1701 376 1772 conscientiae
397 1700 460 1772 sele
480 1702 506 1770 ei
530 1723 696 1793 opponere
715 1694 818 1793 poffit.
836 1705 962 1789 „Quin

73 1786 219 1870 eritne,
252 1791 432 1879 inquiunt,
465 1814 541 1871 cum
578 1787 757 1860 raneriffini
792 1790 887 1880 hujus
911 1795 962 1862 in·

74 1875 205 1957 „ilituti
239 1881 320 1952 ratio
354 1881 397 1950 ad
429 1905 541 1951 omnes
564 1879 719 1950 christiani
741 1882 878 1950 nominis
899 1881 963 1951 ho·

73 1967 213 2047 „mines
233 1971 419 2060 pertineat,
454 1970 571 2057 {cilicet
589 1989 624 2037 ut
646 1969 678 2036 itl
704 1991 816 2037 omnes
843 1993 903 2060 pro
928 1975 961 2040 ie

72 2056 243 2144 „quisque
265 2059 431 2148 juvent&
455 2076 672 2150 promoveant
691 2081 704 2133 3
727 2075 798 2124 tum
821 2058 961 2128 maxime

21 2166 25 2171 ’
71 2147 247 2233 „pertinet
275 2147 318 2215 ad
346 2169 441 2223 eos,
478 2145 534 2232 qui
559 2144 599 2212 ad
627 2144 729 2210 vitam
751 2143 960 2216 monasticam

70 2231 142 2312 „se
167 2234 401 2312 contulerunt,
424 2254 563 2324 quorum
587 2228 741 2301 Profeffio
760 2256 796 2301 ea
819 2232 862 2303 est
882 2259 960 2325 pto·

73 2363 101 2403 „
110 2323 216 2413 pria,
252 2343 287 2395 ut
314 2324 415 2412 inquit
458 2320 684 2406 justinianus,
718 2341 754 2392 ut
786 2325 879 2393 rebus
900 2324 962 2396 hu·

76 2453 102 2493 „
115 2414 217 2482 manis
250 2415 439 2505 contemptis
460 2436 497 2482 ac
517 2411 668 2504 despedis
685 2412 720 2481 iu
744 2436 850 2483 terum
874 2416 959 2485 divi·

73 2540 99 2582 „
114 2523 227 2572 narum
261 2502 528 2595 contemplatione
561 2505 591 2570 se
626 2501 782 2571 collocent
804 2507 960 2591 :·‘quibus

73 2630 100 2671 „
113 2592 234 2660 tuendis
272 2599 305 2662 δι
341 2593 490 2684 augendis
529 2586 818 2680 amplificandisque
836 2592 958 2662 tanttlm
1068 2634 1072 2640 ι

72 2719 100 2761 „
110 2677 232 2759 abest,
267 2699 302 2749 ut
333 2680 400 2749 ullo
442 2678 545 2748 modo
580 2676 714 2755 deelle,
750 2700 837 2759 aut,
870 2682 963 2762 quod

72 2770 210 2862 „magis
232 2768 398 2861 indignum
423 2766 469 2835 est
491 2771 511 2845 ,'
534 2765 692 2834 adversati
716 2767 799 2836 redte
824 2765 962 2859 poffint3

73 2879 151 2939 „ut
174 2860 357 2952 sanguinem
383 2855 488 2951 potitis
510 2853 604 2924 suunt
629 2856 844 2947 profundere,
868 2858 963 2949 opes.

72 2971 175 3035 „que
218 2949 372 3043 negligere
407 2947 571 3026 debeant,
609 2944 709 3033 qudm
748 2944 811 3017 ulld
839 2949 962 3018 ratione

71 3076 99 3115 „
113 3039 344 3115 committere,
380 3056 414 3107 ut
439 3036 483 3105 rei
509 3056 573 3105 tant
592 3033 732 3115 sanetae,
754 3059 848 3127 quam
874 3038 967 3108 l'on·¹

69 3125 188 3206 „tifex
216 3126 280 3218 ipse
316 3128 408 3196 Max.
451 3132 484 3197 δι
524 3149 598 3196 cum
625 3150 666 3195 eo
692 3125 763 3195 Rex
786 3127 960 3198 catholicus

71 3214 257 3302 „optimus
300 3216 448 3309 Princeps
479 3213 583 3283 noster
632 3213 725 3304 plane
759 3213 960 3285 neceffariam

75 3301 267 3390 „judicavit
290 3345 304 3381 ,
336 3329 401 3373 non
437 3303 593 3373 adversari
617 3303 671 3369 led
693 3302 732 3372 nd·
759 3305 809 3372 vel
831 3326 959 3376 moram

48 3416 102 3476 ·‚·,
116 3396 216 3461 facete
236 3392 411 3463 videantur.
445 3392 556 3475 ,Quod
578 3391 707 3478 quidem
729 3390 794 3460 hoc
815 3410 960 3499 tempore

72 3478 150 3566 „eo
174 3482 274 3576 magis
298 3481 405 3554 locum
431 3479 554 3560 habet,
579 3482 668 3569 quod
695 3477 716 3548 st
740 3480 791 3558 vel
812 3483 960 3588 minimas

846 3595 964 3654 „vlrcs
