2370 4244
205 190 315 256 'rm
500 187 889 260 Anrsrnern

102 269 201 338 Anno
294 273 464 360 Quantum
487 278 528 346 ad
540 276 649 347 dotem
662 274 768 366 episco
793 276 886 355 attis,
908 273 1052 345 Pontifex
1066 293 1137 349 ante

106 372 167 442 156
174 383 204 430 r·
250 364 356 435 datam
383 364 625 444 hancBullam,
646 383 681 436 ut
692 299 791 469 sopri
795 389 867 458 pag.
881 387 957 451 204.
972 365 1137 446 vidimus,

52 485 132 559 Μ
155 512 172 559 ‚t
184 511 200 562 d
250 477 306 545 per
330 455 476 547 speciales
496 454 634 524 ‘Litteras
657 474 782 524 unierat
794 456 823 523 ei
836 456 1005 524 Abbatiam
1018 452 1050 523 S.
1058 457 1133 524 Ber·

53 526 228 641 oemfflscoss
248 544 337 615 nardi
358 568 367 613 :
392 544 444 614 sed
468 545 542 633 quia
568 544 704 613 Abbatia
722 545 776 613 illa
800 586 812 623 ‚
845 567 907 634 pro
930 544 1049 612 decenti
1071 543 1137 614 sus·

244 635 413 715 tentatione
448 633 623 725 Episcopi,
651 656 717 701 non
742 632 941 722 judicabatur
973 627 1139 714 sufficere,

247 723 404 809 quosdam
443 743 617 814 proventus
652 747 690 791 ex
724 723 817 791 bonis
841 723 978 791 duarum
1001 718 1136 792 aliarum

245 813 476 893 Abbatiarum,
489 834 606 904 nempe
633 809 821 881 villariensis
843 817 876 880 δι
901 806 1138 892 8.Μὶὼαὲ1ἱε,

220 970 223 975 ,
246 902 348 972 eidem
369 899 482 991 adjecit
491 924 547 992 per
560 902 643 970 hanc
654 901 803 979 Bullam,
826 901 955 970 dicens:

50 997 223 1054 rentioetsot·
295 993 375 1072 ‚sEt
399 1011 435 1059 ut
457 989 636 1083 Episcopus
663 987 895 1083 Antverpiensrs
919 1013 982 1083 pto
1008 1011 1138 1086 tempo·

48 1062 229 1183 ζξῧῇζζζξζξ
247 1120 273 1162 ,,
286 1104 320 1150 re
350 1078 478 1150 existens
508 1078 624 1150 statum
658 1079 790 1156 suum,
825 1078 913 1167 juxrd
935 1081 1137 1172 ‘pontificalis

48 1196 71 1246 s.
80 1193 220 1248 menaeus.
239 1172 274 1250 '„
286 1171 442 1263 dignitatis
483 1169 701 1273 exigentiam,
738 1166 892 1238 decentius
936 1193 1035 1240 tenere
1058 1198 1071 1251 ,·
1097 1195 1136 1243 ac

242 1281 385 1339 „onera
408 1257 578 1350 praesemm
598 1257 631 1326 in
654 1281 689 1326 ea
717 1253 904 1350 amplissima
926 1259 1075 1340 civitate,
1100 1261 1135 1330 in

237 1370 345 1438 „qua
387 1366 518 1440 propter
543 1347 750 1435 frequentiam
776 1347 891 1450 populi
916 1351 1137 1420 &continuas

240 1437 506 1531 „negotiationes
554 1459 673 1528 magno
719 1436 840 1506 vivitur
869 1476 883 1515 ‚
928 1438 1133 1508 commodius

239 1569 266 1613 „
277 1531 414 1684 perferre
435 1551 448 1605 ;
467 1533 500 1595 &
519 1549 617 1616 quam
645 1525 843 1620 Episcopum
868 1525 955 1596 decet
977 1526 1136 1620 Hospita·

240 1619 394 1699 „itatem
432 1639 571 1685 exercere
608 1615 747 1694 valeat,
780 1613 983 1685 numana
1003 1617 1134 1685 Vtun-

238 1747 263 1787 „
276 1728 435 1782 terensis,
460 1705 540 1773 olim
560 1701 745 1774 Leodiensrs
772 1727 856 1773 nunc
885 1701 965 1772 vend
984 1706 1132 1775 Namur·

238 1837 264 1876 „
278 1794 373 1865 cenlis
403 1792 571 1863 Dioecefis.
586 1841 615 1864 ..
640 1836 653 1872 ‚
676 1793 770 1880 usque
794 1794 835 1873 ad
862 1794 1133 1887 quingentorum

237 1889 312 1966 „Sc
350 1880 369 1953 l
394 1882 647 1951 S.Mrcsrnsnts
678 1877 911 1975 Antverpiensrs
935 1882 1134 1953 monasteriis

240 1973 330 2055 „seu
351 1995 464 2042 eorum
489 1970 601 2041 mensls
640 1971 845 2041 abbatialibus
874 2018 886 2050 ‚
927 1971 1136 2063 proprietates

242 2069 313 2145 ,‚&
337 2065 454 2141 bona,
487 2062 579 2131 etiam
604 2061 637 2130 in
661 2060 789 2130 decimis
814 2057 1041 2141 confistenna,
1079 2063 1133 2131 us·

243 2176 340 2241 „que
382 2151 424 2221 ad
475 2150 613 2222 aliorum
649 2150 895 2243 quingentorum
940 2149 1133 2222 ducatorum

242 2282 268 2322 ,‚
281 2242 349 2310 auri
389 2242 428 2310 de
459 2242 597 2310 Camera
633 2239 806 2332 proventits
843 2239 939 2309 annui
964 2238 1131 2318 summas,

242 2354 355 2410 „cum
388 2329 527 2422 primlrm
561 2327 749 2398 monasteria
784 2326 851 2421 ipsa
884 2351 939 2419 per
962 2325 1131 2400 ceffionem

243 2419 333 2500 „vel
360 2418 521 2488 decessum
557 2417 686 2487 illorum
707 2418 939 2486 modernorum
964 2419 1130 2488 Abbatum

245 2506 335 2589 „seu
369 2506 726 2577 (Commendntnriorum
830 2508 1045 2584 vacaverint,
1091 2531 1131 2576 ex

243 2636 271 2676 ,‚
285 2619 368 2665 nunc
388 2615 484 2688 prout
506 2620 543 2664 ex
569 2615 643 2664 tunc
670 2600 723 2663 .&
760 2593 787 2687 d·
802 2596 941 2672 comm,
976 2594 1131 2689 perpetuo

244 2683 477 2780 „segregamus
500 2690 532 2753 &
555 2684 728 2753 dividimus
753 2709 765 2762 3
787 2683 901 2772 illaque
925 2682 966 2756 src
990 2685 1132 2780 segrega·

244 2793 314 2853 „ta
336 2776 490 2842 &divisa
515 2777 654 2865 praesarae
678 2774 793 2843 meusae
803 2771 1022 2866 Antverpiensr
1035 2777 1130 2844 etiam

240 2860 433 2957 „perpetuo
456 2863 993 2959 applicamus&approp1·iamus.”

294 2957 384 3022 Bona
406 2976 510 3024 aurern
535 2994 547 3031 ‚
577 2976 647 3039 quae
673 2952 816 3022 Pontifex
843 2953 894 3020 hle
919 2944 1131 3022 &dissisAu

249 3042 338 3111 batiis
358 3042 545 3132 segreganda
569 3042 707 3110 decernit
731 3081 744 3118 s
780 3041 934 3132 segregata
958 3047 990 3108 &
1015 3043 1130 3112 tradita

249 3154 316 3199 non
357 3130 514 3199 fuerunt:
544 3129 596 3196 sed
625 3129 753 3197 illorum
772 3130 848 3198 loco
875 3152 1071 3217 unaquaequc
1090 3154 1130 3200 ex

241 3219 341 3298 didis
362 3217 504 3287 Abbatiis
525 3216 619 3286 solvit
639 3215 803 3309 Episcopo
829 3217 1047 3309 Antverpiensr
1073 3243 1132 3288 au·

248 3312 314 3394 nus,
335 3310 495 3380 summam
521 3305 604 3375 mille
627 3303 825 3375 florenorum
848 3312 1132 3399 pecuniaecurren·

249 3400 287 3470 tis
323 3400 354 3467 in
389 3400 556 3466 Brabantia
578 3422 590 3476 3
612 3394 738 3484 qualem
768 3394 929 3465 summam
949 3396 987 3466 ed
1008 3398 1131 3468 ratione.

248 3489 408 3581 perpetuis
444 3489 552 3556 futuris
582 3485 777 3575 temporibus
805 3485 909 3557 annus
940 3489 1043 3556 eidem
1066 3483 1129 3554 linc

250 3577 314 3650 ulla
336 3577 539 3651 defrlcntione
561 3573 759 3667 pendendam
772 3573 1129 3734 decrevitnupersliom

993 3714 997 3722 ·
1024 3689 1051 3738 cl
1075 3684 1135 3741 Um
