<?xml version="1.0" encoding="UTF-8"?>
<!DOCTYPE html PUBLIC "-//W3C//DTD XHTML 1.0 Transitional//EN"
    "http://www.w3.org/TR/xhtml1/DTD/xhtml1-transitional.dtd">
<html xmlns="http://www.w3.org/1999/xhtml" xml:lang="en" lang="en">
 <head>
  <title>
</title>
<meta http-equiv="Content-Type" content="text/html;charset=utf-8" />
  <meta name='ocr-system' content='tesseract 3.04.00' />
  <meta name='ocr-capabilities' content='ocr_page ocr_carea ocr_par ocr_line ocrx_word'/>
</head>
<body>
  <div class='ocr_page' id='page_1' title='image "./antverpiachrist00diergoog/antverpiachrist00diergoog_0162.png"; bbox 0 0 2370 4244; ppageno 0'>
   <div class='ocr_carea' id='block_1_1' title="bbox 52 213 1100 1550">
    <p class='ocr_par' dir='ltr' id='par_1_1' title="bbox 52 213 1100 1550">
     <span class='ocr_line' id='line_1_1' title="bbox 212 213 934 303; baseline 0.003 -20"><span class='ocrx_word' id='word_1_1' title='bbox 212 213 448 284; x_wconf 78' lang='lat' dir='ltr'>Crinisro</span> <span class='ocrx_word' id='word_1_2' title='bbox 484 216 758 281; x_wconf 71' lang='lat' dir='ltr'>nunecius.</span> <span class='ocrx_word' id='word_1_3' title='bbox 872 234 934 303; x_wconf 79' lang='lat'>153</span> 
     </span>
     <span class='ocr_line' id='line_1_2' title="bbox 52 296 1094 395; baseline -0.006 -19"><span class='ocrx_word' id='word_1_4' title='bbox 52 312 133 385; x_wconf 71' lang='lat' dir='ltr'>‘cum</span> <span class='ocrx_word' id='word_1_5' title='bbox 163 302 225 374; x_wconf 86' lang='lat' dir='ltr'>suis</span> <span class='ocrx_word' id='word_1_6' title='bbox 255 346 268 383; x_wconf 84' lang='lat'>‚</span> <span class='ocrx_word' id='word_1_7' title='bbox 311 302 367 392; x_wconf 92' lang='lat' dir='ltr'>qui</span> <span class='ocrx_word' id='word_1_8' title='bbox 402 301 495 395; x_wconf 89' lang='lat' dir='ltr'>pauci</span> <span class='ocrx_word' id='word_1_9' title='bbox 532 299 639 369; x_wconf 88' lang='lat' dir='ltr'>adhuc</span> <span class='ocrx_word' id='word_1_10' title='bbox 670 318 791 381; x_wconf 87' lang='lat' dir='ltr'>erant,</span> <span class='ocrx_word' id='word_1_11' title='bbox 823 296 937 371; x_wconf 87' lang='lat' dir='ltr'>secreta</span> <span class='ocrx_word' id='word_1_12' title='bbox 997 298 1094 378; x_wconf 74' lang='lat' dir='ltr'>Auru</span> 
     </span>
     <span class='ocr_line' id='line_1_3' title="bbox 53 385 1100 486; baseline -0.002 -23"><span class='ocrx_word' id='word_1_13' title='bbox 53 393 275 463; x_wconf 85' lang='lat' dir='ltr'>conventicula</span> <span class='ocrx_word' id='word_1_14' title='bbox 292 394 453 468; x_wconf 86' lang='lat' dir='ltr'>tenebat,</span> <span class='ocrx_word' id='word_1_15' title='bbox 486 388 609 482; x_wconf 85' lang='lat' dir='ltr'>semper</span> <span class='ocrx_word' id='word_1_16' title='bbox 635 389 667 455; x_wconf 92' lang='lat' dir='ltr'>in</span> <span class='ocrx_word' id='word_1_17' title='bbox 702 385 825 457; x_wconf 88' lang='lat' dir='ltr'>diverso</span> <span class='ocrx_word' id='word_1_18' title='bbox 862 390 939 460; x_wconf 91' lang='lat' dir='ltr'>loco</span> <span class='ocrx_word' id='word_1_19' title='bbox 1003 411 1100 486; x_wconf 78' lang='lat'><em>1555.</em></span> 
     </span>
     <span class='ocr_line' id='line_1_4' title="bbox 54 477 941 575; baseline -0.001 -25"><span class='ocrx_word' id='word_1_20' title='bbox 54 485 111 570; x_wconf 84' lang='lat' dir='ltr'>qui</span> <span class='ocrx_word' id='word_1_21' title='bbox 132 481 256 575; x_wconf 79' lang='lat' dir='ltr'>singulis</span> <span class='ocrx_word' id='word_1_22' title='bbox 273 482 395 550; x_wconf 87' lang='lat' dir='ltr'>vicibus</span> <span class='ocrx_word' id='word_1_23' title='bbox 420 477 545 573; x_wconf 83' lang='lat' dir='ltr'>singulis</span> <span class='ocrx_word' id='word_1_24' title='bbox 564 477 759 546; x_wconf 83' lang='lat' dir='ltr'>indicebatur</span> <span class='ocrx_word' id='word_1_25' title='bbox 786 518 800 556; x_wconf 86' lang='lat'>‚</span> <span class='ocrx_word' id='word_1_26' title='bbox 823 477 862 548; x_wconf 71' lang='lat' dir='ltr'>ud</span> <span class='ocrx_word' id='word_1_27' title='bbox 883 483 941 549; x_wconf 85' lang='lat' dir='ltr'>de-</span> 
     </span>
     <span class='ocr_line' id='line_1_5' title="bbox 59 565 941 663; baseline -0.002 -23"><span class='ocrx_word' id='word_1_28' title='bbox 59 589 246 663; x_wconf 79' lang='lat' dir='ltr'>tegerentur.</span> <span class='ocrx_word' id='word_1_29' title='bbox 297 568 373 639; x_wconf 87' lang='lat' dir='ltr'>Post</span> <span class='ocrx_word' id='word_1_30' title='bbox 406 568 476 639; x_wconf 83' lang='lat' dir='ltr'>haec</span> <span class='ocrx_word' id='word_1_31' title='bbox 498 569 556 637; x_wconf 91' lang='lat' dir='ltr'>diu</span> <span class='ocrx_word' id='word_1_32' title='bbox 576 568 759 657; x_wconf 85' lang='lat' dir='ltr'>Antverpiae</span> <span class='ocrx_word' id='word_1_33' title='bbox 783 565 941 638; x_wconf 88' lang='lat' dir='ltr'>subsistere</span> 
     </span>
     <span class='ocr_line' id='line_1_6' title="bbox 54 653 943 816; baseline -0.001 -89"><span class='ocrx_word' id='word_1_34' title='bbox 54 682 128 816; x_wconf 68' lang='lat' dir='ltr'>nup</span> <span class='ocrx_word' id='word_1_35' title='bbox 138 662 267 816; x_wconf 55' lang='lat' dir='ltr'>poppis,</span> <span class='ocrx_word' id='word_1_36' title='bbox 288 657 422 748; x_wconf 87' lang='lat' dir='ltr'>eoqudd</span> <span class='ocrx_word' id='word_1_37' title='bbox 444 653 840 814; x_wconf 32' lang='lat' dir='ltr'>&#39;Ediffacontrd‘gesiarios</span> <span class='ocrx_word' id='word_1_38' title='bbox 857 658 883 764; x_wconf 73' lang='lat' dir='ltr'>ri</span> <span class='ocrx_word' id='word_1_39' title='bbox 905 681 943 726; x_wconf 92' lang='grc' dir='ltr'>ο-</span> 
     </span>
     <span class='ocr_line' id='line_1_7' title="bbox 55 767 950 924; baseline -0.004 -18"><span class='ocrx_word' id='word_1_40' title='bbox 55 771 151 924; x_wconf 58' lang='lat' dir='ltr'>{lsi</span> <span class='ocrx_word' id='word_1_41' title='bbox 165 767 437 909; x_wconf 60' lang='lat' dir='ltr'>sullllslla</span> <span class='ocrx_word' id='word_1_42' title='bbox 454 771 537 905; x_wconf 70' lang='lat' dir='ltr'>lia?</span> <span class='ocrx_word' id='word_1_43' title='bbox 548 876 560 914; x_wconf 91' lang='lat'>‚</span> <span class='ocrx_word' id='word_1_44' title='bbox 573 767 770 907; x_wconf 63' lang='lat' dir='ltr'>“llllllll</span> <span class='ocrx_word' id='word_1_45' title='bbox 786 768 950 904; x_wconf 59' lang='lat' dir='ltr'>salluii?</span> 
     </span>
     <span class='ocr_line' id='line_1_8' title="bbox 55 923 944 1017; baseline -0.002 -23"><span class='ocrx_word' id='word_1_46' title='bbox 55 942 142 997; x_wconf 81' lang='lat' dir='ltr'>tum.</span> <span class='ocrx_word' id='word_1_47' title='bbox 174 926 328 996; x_wconf 85' lang='lat' dir='ltr'>Constant</span> <span class='ocrx_word' id='word_1_48' title='bbox 361 926 431 997; x_wconf 88' lang='lat' dir='ltr'>haec</span> <span class='ocrx_word' id='word_1_49' title='bbox 455 951 493 995; x_wconf 86' lang='lat' dir='ltr'>ex</span> <span class='ocrx_word' id='word_1_50' title='bbox 517 923 659 1016; x_wconf 84' lang='lat' dir='ltr'>Epistola</span> <span class='ocrx_word' id='word_1_51' title='bbox 694 925 769 995; x_wconf 74' lang='lat' dir='ltr'>diui</span> <span class='ocrx_word' id='word_1_52' title='bbox 795 925 944 1017; x_wconf 73' lang='lat' dir='ltr'>Gasparis</span> 
     </span>
     <span class='ocr_line' id='line_1_9' title="bbox 59 1010 946 1106; baseline 0 -26"><span class='ocrx_word' id='word_1_53' title='bbox 59 1014 126 1084; x_wconf 85' lang='lat' dir='ltr'>hoc</span> <span class='ocrx_word' id='word_1_54' title='bbox 164 1037 248 1084; x_wconf 88' lang='lat' dir='ltr'>anuo</span> <span class='ocrx_word' id='word_1_55' title='bbox 290 1042 341 1106; x_wconf 86' lang='lat'>17·</span> <span class='ocrx_word' id='word_1_56' title='bbox 362 1014 535 1087; x_wconf 84' lang='lat' dir='ltr'>decembris</span> <span class='ocrx_word' id='word_1_57' title='bbox 572 1010 747 1106; x_wconf 77' lang='lat' dir='ltr'>Antverpiil</span> <span class='ocrx_word' id='word_1_58' title='bbox 768 1012 882 1103; x_wconf 88' lang='lat' dir='ltr'>scripta</span> <span class='ocrx_word' id='word_1_59' title='bbox 904 1011 946 1080; x_wconf 88' lang='lat' dir='ltr'>ad</span> 
     </span>
     <span class='ocr_line' id='line_1_10' title="bbox 55 1101 945 1190; baseline -0.002 -20"><span class='ocrx_word' id='word_1_60' title='bbox 55 1102 199 1174; x_wconf 69' lang='lat' dir='ltr'>sectarios</span> <span class='ocrx_word' id='word_1_61' title='bbox 217 1105 441 1190; x_wconf 83' lang='lat' dir='ltr'>Ernbdenses‚</span> <span class='ocrx_word' id='word_1_62' title='bbox 472 1125 545 1190; x_wconf 86' lang='lat' dir='ltr'>quae</span> <span class='ocrx_word' id='word_1_63' title='bbox 567 1103 699 1171; x_wconf 85' lang='lat' dir='ltr'>refertur</span> <span class='ocrx_word' id='word_1_64' title='bbox 722 1101 755 1169; x_wconf 90' lang='lat' dir='ltr'>in</span> <span class='ocrx_word' id='word_1_65' title='bbox 778 1101 945 1171; x_wconf 81' lang='lat' dir='ltr'>vernacula</span> 
     </span>
     <span class='ocr_line' id='line_1_11' title="bbox 55 1189 943 1287; baseline 0 -27"><span class='ocrx_word' id='word_1_66' title='bbox 55 1189 255 1287; x_wconf 77' lang='lat' dir='ltr'>descriptione</span> <span class='ocrx_word' id='word_1_67' title='bbox 291 1193 507 1265; x_wconf 82' lang='lat' dir='ltr'>haeterodoxae</span> <span class='ocrx_word' id='word_1_68' title='bbox 543 1193 661 1260; x_wconf 77' lang='lat' dir='ltr'>ecclriae</span> <span class='ocrx_word' id='word_1_69' title='bbox 686 1195 784 1283; x_wconf 77' lang='lat' dir='ltr'>Frifiae</span> <span class='ocrx_word' id='word_1_70' title='bbox 810 1197 943 1260; x_wconf 79' lang='lat' dir='ltr'>orienta-</span> 
     </span>
     <span class='ocr_line' id='line_1_12' title="bbox 56 1281 942 1372; baseline -0.007 -18"><span class='ocrx_word' id='word_1_71' title='bbox 56 1283 97 1354; x_wconf 85' lang='lat' dir='ltr'>lis</span> <span class='ocrx_word' id='word_1_72' title='bbox 134 1282 216 1352; x_wconf 75' lang='lat' dir='ltr'>editi</span> <span class='ocrx_word' id='word_1_73' title='bbox 241 1305 326 1351; x_wconf 86' lang='lat' dir='ltr'>anno</span> <span class='ocrx_word' id='word_1_74' title='bbox 358 1283 452 1372; x_wconf 79' lang='lat'><strong>1738.</strong></span> <span class='ocrx_word' id='word_1_75' title='bbox 484 1303 539 1372; x_wconf 90' lang='lat' dir='ltr'>per</span> <span class='ocrx_word' id='word_1_76' title='bbox 560 1281 600 1348; x_wconf 89' lang='grc' dir='ltr'>Ε.</span> <span class='ocrx_word' id='word_1_77' title='bbox 619 1281 756 1350; x_wconf 88' lang='lat' dir='ltr'>Meiners</span> <span class='ocrx_word' id='word_1_78' title='bbox 783 1281 942 1370; x_wconf 81' lang='lat' dir='ltr'>praedicu·</span> 
     </span>
     <span class='ocr_line' id='line_1_13' title="bbox 56 1369 935 1458; baseline -0.001 -19"><span class='ocrx_word' id='word_1_79' title='bbox 56 1372 136 1439; x_wconf 89' lang='lat' dir='ltr'>tium</span> <span class='ocrx_word' id='word_1_80' title='bbox 171 1371 390 1440; x_wconf 87' lang='lat' dir='ltr'>Embdensein</span> <span class='ocrx_word' id='word_1_81' title='bbox 449 1395 501 1458; x_wconf 83' lang='lat' dir='ltr'>ag.</span> <span class='ocrx_word' id='word_1_82' title='bbox 513 1381 554 1457; x_wconf 82' lang='lat'>3⁶</span> <span class='ocrx_word' id='word_1_83' title='bbox 560 1390 588 1454; x_wconf 84' lang='lat'>5.</span> <span class='ocrx_word' id='word_1_84' title='bbox 628 1371 674 1438; x_wconf 88' lang='lat' dir='ltr'>Hi</span> <span class='ocrx_word' id='word_1_85' title='bbox 700 1395 738 1438; x_wconf 81' lang='lat' dir='ltr'>ex</span> <span class='ocrx_word' id='word_1_86' title='bbox 756 1369 837 1438; x_wconf 74' lang='lat' dir='ltr'>infra</span> <span class='ocrx_word' id='word_1_87' title='bbox 855 1372 935 1438; x_wconf 87' lang='lat' dir='ltr'>refe-</span> 
     </span>
     <span class='ocr_line' id='line_1_14' title="bbox 53 1386 673 1550; baseline 0.003 -23"><span class='ocrx_word' id='word_1_88' title='bbox 53 1461 157 1540; x_wconf 82' lang='lat' dir='ltr'>¹iendis</span> <span class='ocrx_word' id='word_1_89' title='bbox 180 1460 327 1530; x_wconf 86' lang='lat' dir='ltr'>videntur</span> <span class='ocrx_word' id='word_1_90' title='bbox 346 1386 448 1529; x_wconf 67' lang='lat' dir='ltr'>fuiffep</span> <span class='ocrx_word' id='word_1_91' title='bbox 461 1457 673 1550; x_wconf 83' lang='lat' dir='ltr'>anabaptistae.</span> 
     </span>
    </p>
   </div>
   <div class='ocr_carea' id='block_1_2' title="bbox 54 1631 1130 2084">
    <p class='ocr_par' dir='ltr' id='par_1_2' title="bbox 54 1631 1130 2084">
     <span class='ocr_line' id='line_1_15' title="bbox 102 1631 1101 1724; baseline 0.004 -20"><span class='ocrx_word' id='word_1_92' title='bbox 102 1636 200 1704; x_wconf 85' lang='lat' dir='ltr'>Anno</span> <span class='ocrx_word' id='word_1_93' title='bbox 241 1650 336 1724; x_wconf 85' lang='lat'>1516.</span> <span class='ocrx_word' id='word_1_94' title='bbox 378 1638 545 1708; x_wconf 77' lang='lat' dir='ltr'>Cinorus</span> <span class='ocrx_word' id='word_1_95' title='bbox 577 1636 759 1706; x_wconf 77' lang='lat' dir='ltr'>Austriarus</span> <span class='ocrx_word' id='word_1_96' title='bbox 793 1635 941 1706; x_wconf 67' lang='lat' dir='ltr'>*statuerat</span> <span class='ocrx_word' id='word_1_97' title='bbox 1006 1631 1101 1709; x_wconf 80' lang='lat'>1556·</span> 
     </span>
     <span class='ocr_line' id='line_1_16' title="bbox 55 1726 1130 1839; baseline -0.002 -42"><span class='ocrx_word' id='word_1_98' title='bbox 55 1726 240 1820; x_wconf 83' lang='lat' dir='ltr'>Antverpiae</span> <span class='ocrx_word' id='word_1_99' title='bbox 259 1727 412 1796; x_wconf 88' lang='lat' dir='ltr'>celebrare</span> <span class='ocrx_word' id='word_1_100' title='bbox 434 1729 562 1798; x_wconf 86' lang='lat' dir='ltr'>comitia</span> <span class='ocrx_word' id='word_1_101' title='bbox 586 1727 669 1797; x_wconf 83' lang='lat' dir='ltr'>aurei</span> <span class='ocrx_word' id='word_1_102' title='bbox 691 1726 813 1796; x_wconf 88' lang='lat' dir='ltr'>velleris</span> <span class='ocrx_word' id='word_1_103' title='bbox 832 1768 845 1807; x_wconf 84' lang='lat'><strong>,</strong></span> <span class='ocrx_word' id='word_1_104' title='bbox 867 1748 941 1794; x_wconf 89' lang='lat' dir='ltr'>om·</span> <span class='ocrx_word' id='word_1_105' title='bbox 956 1772 1078 1839; x_wconf 70' lang='lat' dir='ltr'>ahiiippui</span> <span class='ocrx_word' id='word_1_106' title='bbox 1097 1776 1130 1822; x_wconf 42' lang='lat' dir='ltr'>u·</span> 
     </span>
     <span class='ocr_line' id='line_1_17' title="bbox 56 1815 1130 1908; baseline 0.007 -26"><span class='ocrx_word' id='word_1_107' title='bbox 56 1816 170 1903; x_wconf 85' lang='lat' dir='ltr'>niaque</span> <span class='ocrx_word' id='word_1_108' title='bbox 201 1817 266 1906; x_wconf 87' lang='lat' dir='ltr'>jam</span> <span class='ocrx_word' id='word_1_109' title='bbox 302 1836 409 1908; x_wconf 87' lang='lat' dir='ltr'>parata</span> <span class='ocrx_word' id='word_1_110' title='bbox 442 1835 529 1885; x_wconf 89' lang='lat' dir='ltr'>erant</span> <span class='ocrx_word' id='word_1_111' title='bbox 559 1818 591 1885; x_wconf 89' lang='lat' dir='ltr'>in</span> <span class='ocrx_word' id='word_1_112' title='bbox 617 1815 753 1886; x_wconf 83' lang='lat' dir='ltr'>Ecclelia</span> <span class='ocrx_word' id='word_1_113' title='bbox 777 1817 908 1886; x_wconf 83' lang='lat' dir='ltr'>matrice</span> <span class='ocrx_word' id='word_1_114' title='bbox 929 1837 1130 1891; x_wconf 71' lang='lat' dir='ltr'>:combinaret</span> 
     </span>
     <span class='ocr_line' id='line_1_18' title="bbox 54 1902 1124 1999; baseline 0.005 -28"><span class='ocrx_word' id='word_1_115' title='bbox 54 1902 109 1972; x_wconf 85' lang='lat' dir='ltr'>sed</span> <span class='ocrx_word' id='word_1_116' title='bbox 148 1927 280 1998; x_wconf 87' lang='lat' dir='ltr'>propter</span> <span class='ocrx_word' id='word_1_117' title='bbox 313 1907 500 1998; x_wconf 79' lang='lat' dir='ltr'>grallanteni</span> <span class='ocrx_word' id='word_1_118' title='bbox 538 1905 654 1999; x_wconf 88' lang='lat' dir='ltr'>pestem</span> <span class='ocrx_word' id='word_1_119' title='bbox 686 1908 837 1975; x_wconf 87' lang='lat' dir='ltr'>celebrata</span> <span class='ocrx_word' id='word_1_120' title='bbox 861 1925 938 1975; x_wconf 87' lang='lat' dir='ltr'>tunc</span> <span class='ocrx_word' id='word_1_121' title='bbox 957 1903 1124 1955; x_wconf 64' lang='lat' dir='ltr'>v⁶¹l⁰fl³⁶‘¹‘·</span> 
     </span>
     <span class='ocr_line' id='line_1_19' title="bbox 55 1991 943 2084; baseline 0.003 -25"><span class='ocrx_word' id='word_1_122' title='bbox 55 1995 127 2061; x_wconf 89' lang='lat' dir='ltr'>lunt</span> <span class='ocrx_word' id='word_1_123' title='bbox 145 1994 307 2064; x_wconf 84' lang='lat' dir='ltr'>Bruxellis.</span> <span class='ocrx_word' id='word_1_124' title='bbox 343 1996 532 2066; x_wconf 78' lang='lat' dir='ltr'>Piiininrus</span> <span class='ocrx_word' id='word_1_125' title='bbox 559 2015 664 2065; x_wconf 87' lang='lat' dir='ltr'>autem</span> <span class='ocrx_word' id='word_1_126' title='bbox 685 1991 768 2067; x_wconf 86' lang='lat' dir='ltr'>filius</span> <span class='ocrx_word' id='word_1_127' title='bbox 788 1996 853 2084; x_wconf 82' lang='lat' dir='ltr'>ejus</span> <span class='ocrx_word' id='word_1_128' title='bbox 873 1996 943 2063; x_wconf 91' lang='lat' dir='ltr'>Co-</span> 
     </span>
    </p>
   </div>
   <div class='ocr_carea' id='block_1_3' title="bbox 958 1968 1097 2023">
    <p class='ocr_par' dir='ltr' id='par_1_3' title="bbox 958 1968 1097 2023">
     <span class='ocr_line' id='line_1_20' title="bbox 958 1968 1097 2023; baseline -0.014 -5"><span class='ocrx_word' id='word_1_129' title='bbox 958 1968 1011 2020; x_wconf 80' lang='lat' dir='ltr'>brit</span> <span class='ocrx_word' id='word_1_130' title='bbox 1024 1978 1097 2023; x_wconf 72' lang='lat' dir='ltr'>Antii.</span> 
     </span>
    </p>
   </div>
   <div class='ocr_carea' id='block_1_4' title="bbox 54 2083 1128 3691">
    <p class='ocr_par' dir='ltr' id='par_1_4' title="bbox 55 2083 943 2174">
     <span class='ocr_line' id='line_1_21' title="bbox 55 2083 943 2174; baseline 0.003 -25"><span class='ocrx_word' id='word_1_131' title='bbox 55 2083 143 2157; x_wconf 77' lang='lat' dir='ltr'>initia</span> <span class='ocrx_word' id='word_1_132' title='bbox 166 2085 244 2155; x_wconf 73' lang='lat' dir='ltr'>diui</span> <span class='ocrx_word' id='word_1_133' title='bbox 267 2083 396 2156; x_wconf 82' lang='lat' dir='ltr'>Ordinis</span> <span class='ocrx_word' id='word_1_134' title='bbox 418 2083 471 2152; x_wconf 81' lang='lat' dir='ltr'>hic</span> <span class='ocrx_word' id='word_1_135' title='bbox 498 2084 707 2154; x_wconf 85' lang='lat' dir='ltr'>celebraturus</span> <span class='ocrx_word' id='word_1_136' title='bbox 729 2085 943 2174; x_wconf 88' lang='lat' dir='ltr'>Antverpiam</span> 
     </span>
    </p>

    <p class='ocr_par' dir='ltr' id='par_1_5' title="bbox 55 2171 945 2259">
     <span class='ocr_line' id='line_1_22' title="bbox 55 2171 945 2259; baseline -0.001 -20"><span class='ocrx_word' id='word_1_137' title='bbox 55 2173 145 2241; x_wconf 85' lang='lat' dir='ltr'>venit</span> <span class='ocrx_word' id='word_1_138' title='bbox 172 2176 223 2241; x_wconf 84' lang='lat'>18.</span> <span class='ocrx_word' id='word_1_139' title='bbox 246 2171 374 2259; x_wconf 83' lang='lat' dir='ltr'>januarii</span> <span class='ocrx_word' id='word_1_140' title='bbox 407 2186 502 2259; x_wconf 85' lang='lat'>1556.</span> <span class='ocrx_word' id='word_1_141' title='bbox 529 2173 577 2240; x_wconf 93' lang='lat' dir='ltr'>die</span> <span class='ocrx_word' id='word_1_142' title='bbox 614 2173 777 2249; x_wconf 86' lang='lat' dir='ltr'>sabbato,</span> <span class='ocrx_word' id='word_1_143' title='bbox 809 2173 945 2239; x_wconf 89' lang='lat' dir='ltr'>ibidem-</span> 
     </span>
    </p>

    <p class='ocr_par' dir='ltr' id='par_1_6' title="bbox 56 2255 946 2350">
     <span class='ocr_line' id='line_1_23' title="bbox 56 2255 946 2350; baseline 0.001 -24"><span class='ocrx_word' id='word_1_144' title='bbox 56 2283 121 2343; x_wconf 87' lang='lat' dir='ltr'>que</span> <span class='ocrx_word' id='word_1_145' title='bbox 154 2255 362 2328; x_wconf 75' lang='lat' dir='ltr'>solenniffimd</span> <span class='ocrx_word' id='word_1_146' title='bbox 377 2334 379 2338; x_wconf 53' lang='grc'><strong>,</strong></span> <span class='ocrx_word' id='word_1_147' title='bbox 395 2260 519 2350; x_wconf 52' lang='lat' dir='ltr'>pompis</span> <span class='ocrx_word' id='word_1_148' title='bbox 550 2278 692 2349; x_wconf 88' lang='lat' dir='ltr'>receptus</span> <span class='ocrx_word' id='word_1_149' title='bbox 718 2257 772 2326; x_wconf 85' lang='lat' dir='ltr'>est.</span> <span class='ocrx_word' id='word_1_150' title='bbox 809 2256 946 2327; x_wconf 78' lang='lat' dir='ltr'>Ecclesia</span> 
     </span>
    </p>

    <p class='ocr_par' dir='ltr' id='par_1_7' title="bbox 56 2346 945 2433">
     <span class='ocr_line' id='line_1_24' title="bbox 56 2346 945 2433; baseline 0.001 -19"><span class='ocrx_word' id='word_1_151' title='bbox 56 2350 96 2414; x_wconf 92' lang='grc' dir='ltr'>Β.</span> <span class='ocrx_word' id='word_1_152' title='bbox 122 2347 272 2422; x_wconf 82' lang='lat' dir='ltr'>Mariae,</span> <span class='ocrx_word' id='word_1_153' title='bbox 305 2348 422 2433; x_wconf 88' lang='lat' dir='ltr'>inqua</span> <span class='ocrx_word' id='word_1_154' title='bbox 448 2347 631 2416; x_wconf 88' lang='lat' dir='ltr'>celebranda</span> <span class='ocrx_word' id='word_1_155' title='bbox 658 2365 745 2415; x_wconf 89' lang='lat' dir='ltr'>erant</span> <span class='ocrx_word' id='word_1_156' title='bbox 763 2346 945 2431; x_wconf 69' lang='lat' dir='ltr'>Comitia,</span> 
     </span>
    </p>

    <p class='ocr_par' dir='ltr' id='par_1_8' title="bbox 54 2432 944 2527">
     <span class='ocr_line' id='line_1_25' title="bbox 54 2432 944 2527; baseline 0.001 -23"><span class='ocrx_word' id='word_1_157' title='bbox 54 2432 323 2527; x_wconf 76' lang='lat' dir='ltr'>sumptuolissirnd</span> <span class='ocrx_word' id='word_1_158' title='bbox 361 2455 469 2506; x_wconf 85' lang='lat' dir='ltr'>ornata</span> <span class='ocrx_word' id='word_1_159' title='bbox 497 2455 561 2505; x_wconf 89' lang='lat' dir='ltr'>erat</span> <span class='ocrx_word' id='word_1_160' title='bbox 584 2433 745 2505; x_wconf 89' lang='lat' dir='ltr'>:Chorus</span> <span class='ocrx_word' id='word_1_161' title='bbox 769 2437 944 2508; x_wconf 83' lang='lat' dir='ltr'>circumor-</span> 
     </span>
    </p>

    <p class='ocr_par' dir='ltr' id='par_1_9' title="bbox 56 2524 943 2619">
     <span class='ocr_line' id='line_1_26' title="bbox 56 2524 943 2619; baseline 0.003 -27"><span class='ocrx_word' id='word_1_162' title='bbox 56 2544 148 2594; x_wconf 83' lang='lat' dir='ltr'>natus</span> <span class='ocrx_word' id='word_1_163' title='bbox 182 2545 249 2596; x_wconf 89' lang='lat' dir='ltr'>erat</span> <span class='ocrx_word' id='word_1_164' title='bbox 285 2527 386 2595; x_wconf 87' lang='lat' dir='ltr'>rubris</span> <span class='ocrx_word' id='word_1_165' title='bbox 407 2525 518 2619; x_wconf 88' lang='lat' dir='ltr'>pannis</span> <span class='ocrx_word' id='word_1_166' title='bbox 537 2524 717 2595; x_wconf 85' lang='lat' dir='ltr'>holosericis</span> <span class='ocrx_word' id='word_1_167' title='bbox 736 2531 768 2594; x_wconf 78' lang='grc' dir='ltr'>δι</span> <span class='ocrx_word' id='word_1_168' title='bbox 787 2550 869 2596; x_wconf 90' lang='lat' dir='ltr'>auro</span> <span class='ocrx_word' id='word_1_169' title='bbox 894 2527 943 2595; x_wconf 88' lang='lat' dir='ltr'>in·</span> 
     </span>
    </p>

    <p class='ocr_par' dir='ltr' id='par_1_10' title="bbox 55 2613 945 2770">
     <span class='ocr_line' id='line_1_27' title="bbox 55 2613 945 2770; baseline 0.002 -87"><span class='ocrx_word' id='word_1_170' title='bbox 55 2616 177 2696; x_wconf 82' lang='lat' dir='ltr'>textis3</span> <span class='ocrx_word' id='word_1_171' title='bbox 214 2617 246 2683; x_wconf 91' lang='lat' dir='ltr'>in</span> <span class='ocrx_word' id='word_1_172' title='bbox 280 2615 392 2707; x_wconf 89' lang='lat' dir='ltr'>templi</span> <span class='ocrx_word' id='word_1_173' title='bbox 417 2639 510 2686; x_wconf 89' lang='lat' dir='ltr'>cruce</span> <span class='ocrx_word' id='word_1_174' title='bbox 530 2613 745 2770; x_wconf 75' lang='lat' dir='ltr'>circumpensa</span> <span class='ocrx_word' id='word_1_175' title='bbox 765 2636 850 2685; x_wconf 88' lang='lat' dir='ltr'>erant</span> <span class='ocrx_word' id='word_1_176' title='bbox 871 2616 945 2685; x_wconf 90' lang='lat' dir='ltr'>seri·</span> 
     </span>
    </p>

    <p class='ocr_par' dir='ltr' id='par_1_11' title="bbox 55 2705 947 2797">
     <span class='ocr_line' id='line_1_28' title="bbox 55 2705 947 2797; baseline 0.006 -27"><span class='ocrx_word' id='word_1_177' title='bbox 55 2725 115 2770; x_wconf 89' lang='lat' dir='ltr'>cea</span> <span class='ocrx_word' id='word_1_178' title='bbox 167 2726 247 2771; x_wconf 90' lang='lat' dir='ltr'>auro</span> <span class='ocrx_word' id='word_1_179' title='bbox 294 2705 408 2774; x_wconf 82' lang='lat' dir='ltr'>intexta</span> <span class='ocrx_word' id='word_1_180' title='bbox 454 2707 608 2796; x_wconf 84' lang='lat' dir='ltr'>tapetia,</span> <span class='ocrx_word' id='word_1_181' title='bbox 677 2706 833 2773; x_wconf 85' lang='lat' dir='ltr'>hunetana</span> <span class='ocrx_word' id='word_1_182' title='bbox 872 2728 947 2797; x_wconf 83' lang='lat' dir='ltr'>pre·</span> 
     </span>
    </p>

    <p class='ocr_par' dir='ltr' id='par_1_12' title="bbox 56 2788 944 2882">
     <span class='ocr_line' id='line_1_29' title="bbox 56 2788 944 2882; baseline 0.009 -24"><span class='ocrx_word' id='word_1_183' title='bbox 56 2791 100 2858; x_wconf 90' lang='lat' dir='ltr'>lia</span> <span class='ocrx_word' id='word_1_184' title='bbox 135 2788 381 2882; x_wconf 76' lang='lat' dir='ltr'>repraesentantia</span> <span class='ocrx_word' id='word_1_185' title='bbox 408 2823 421 2863; x_wconf 81' lang='lat'>.-</span> <span class='ocrx_word' id='word_1_186' title='bbox 453 2791 588 2863; x_wconf 80' lang='lat' dir='ltr'>ecclesiae</span> <span class='ocrx_word' id='word_1_187' title='bbox 619 2794 711 2860; x_wconf 88' lang='lat' dir='ltr'>navis</span> <span class='ocrx_word' id='word_1_188' title='bbox 748 2813 860 2862; x_wconf 87' lang='lat' dir='ltr'>ornata</span> <span class='ocrx_word' id='word_1_189' title='bbox 879 2815 944 2866; x_wconf 89' lang='lat' dir='ltr'>erat</span> 
     </span>
    </p>

    <p class='ocr_par' dir='ltr' id='par_1_13' title="bbox 55 2877 944 2972">
     <span class='ocr_line' id='line_1_30' title="bbox 55 2877 944 2972; baseline 0.002 -23"><span class='ocrx_word' id='word_1_190' title='bbox 55 2877 184 2949; x_wconf 85' lang='lat' dir='ltr'>vetustis</span> <span class='ocrx_word' id='word_1_191' title='bbox 211 2887 244 2951; x_wconf 75' lang='lat' dir='ltr'>dc</span> <span class='ocrx_word' id='word_1_192' title='bbox 276 2878 421 2972; x_wconf 84' lang='lat' dir='ltr'>pretiosis</span> <span class='ocrx_word' id='word_1_193' title='bbox 439 2882 558 2972; x_wconf 88' lang='lat' dir='ltr'>tapetiis</span> <span class='ocrx_word' id='word_1_194' title='bbox 580 2880 710 2950; x_wconf 89' lang='lat' dir='ltr'>Ordinis</span> <span class='ocrx_word' id='word_1_195' title='bbox 733 2883 817 2949; x_wconf 86' lang='lat' dir='ltr'>aurei</span> <span class='ocrx_word' id='word_1_196' title='bbox 831 2883 944 2954; x_wconf 69' lang='lat' dir='ltr'>,Velle-</span> 
     </span>
    </p>

    <p class='ocr_par' dir='ltr' id='par_1_14' title="bbox 55 2993 1128 3141">
     <span class='ocr_line' id='line_1_31' title="bbox 55 2993 1128 3092; baseline 0.004 -19"><span class='ocrx_word' id='word_1_197' title='bbox 55 2993 109 3038; x_wconf 65' lang='lat' dir='ltr'>ns’</span> <span class='ocrx_word' id='word_1_198' title='bbox 183 3060 191 3076; x_wconf 92' lang='lat'><strong><em>.</em></strong></span> <span class='ocrx_word' id='word_1_199' title='bbox 345 3062 352 3075; x_wconf 93' lang='lat'><strong><em>.</em></strong></span> <span class='ocrx_word' id='word_1_200' title='bbox 731 3059 739 3075; x_wconf 91' lang='lat'><strong><em>.</em></strong></span> <span class='ocrx_word' id='word_1_201' title='bbox 974 3022 1128 3092; x_wconf 70' lang='lat' dir='ltr'>Astaprinil</span> 
     </span>
     <span class='ocr_line' id='line_1_32' title="bbox 100 3059 1008 3141; baseline 0.007 -14"><span class='ocrx_word' id='word_1_202' title='bbox 100 3062 164 3128; x_wconf 90' lang='lat' dir='ltr'>Pro</span> <span class='ocrx_word' id='word_1_203' title='bbox 182 3059 368 3131; x_wconf 89' lang='lat' dir='ltr'>inchoandis</span> <span class='ocrx_word' id='word_1_204' title='bbox 393 3060 540 3130; x_wconf 89' lang='lat' dir='ltr'>Comitiis</span> <span class='ocrx_word' id='word_1_205' title='bbox 560 3060 632 3128; x_wconf 85' lang='lat' dir='ltr'>Rex</span> <span class='ocrx_word' id='word_1_206' title='bbox 653 3078 823 3129; x_wconf 90' lang='lat' dir='ltr'>comitante</span> <span class='ocrx_word' id='word_1_207' title='bbox 846 3060 942 3133; x_wconf 92' lang='lat' dir='ltr'>Clcro</span> <span class='ocrx_word' id='word_1_208' title='bbox 958 3089 1008 3141; x_wconf 81' lang='lat' dir='ltr'>die.</span> 
     </span>
    </p>

    <p class='ocr_par' dir='ltr' id='par_1_15' title="bbox 58 3147 942 3241">
     <span class='ocr_line' id='line_1_33' title="bbox 58 3147 942 3241; baseline 0.006 -22"><span class='ocrx_word' id='word_1_209' title='bbox 58 3149 108 3219; x_wconf 87' lang='lat' dir='ltr'>die</span> <span class='ocrx_word' id='word_1_210' title='bbox 141 3152 248 3220; x_wconf 84' lang='lat' dir='ltr'>martis</span> <span class='ocrx_word' id='word_1_211' title='bbox 288 3148 487 3228; x_wconf 87' lang='lat' dir='ltr'>21.ianuarii</span> <span class='ocrx_word' id='word_1_212' title='bbox 508 3147 582 3241; x_wconf 93' lang='lat' dir='ltr'>post</span> <span class='ocrx_word' id='word_1_213' title='bbox 603 3150 766 3220; x_wconf 87' lang='lat' dir='ltr'>meridiem</span> <span class='ocrx_word' id='word_1_214' title='bbox 793 3152 879 3222; x_wconf 86' lang='lat' dir='ltr'>venit</span> <span class='ocrx_word' id='word_1_215' title='bbox 903 3179 942 3224; x_wconf 86' lang='lat' dir='ltr'>ex</span> 
     </span>
    </p>

    <p class='ocr_par' dir='ltr' id='par_1_16' title="bbox 57 3237 939 3312">
     <span class='ocr_line' id='line_1_34' title="bbox 57 3237 939 3312; baseline 0.007 -8"><span class='ocrx_word' id='word_1_216' title='bbox 57 3239 195 3305; x_wconf 84' lang='lat' dir='ltr'>Abbatia</span> <span class='ocrx_word' id='word_1_217' title='bbox 228 3239 450 3310; x_wconf 70' lang='lat' dir='ltr'>§.Michaelis</span> <span class='ocrx_word' id='word_1_218' title='bbox 482 3241 523 3308; x_wconf 84' lang='lat' dir='ltr'>ad</span> <span class='ocrx_word' id='word_1_219' title='bbox 561 3237 732 3309; x_wconf 79' lang='lat' dir='ltr'>Ecclesiam</span> <span class='ocrx_word' id='word_1_220' title='bbox 764 3243 802 3310; x_wconf 91' lang='lat' dir='ltr'>B.</span> <span class='ocrx_word' id='word_1_221' title='bbox 824 3243 939 3312; x_wconf 67' lang='lat' dir='ltr'>Maria</span> 
     </span>
    </p>

    <p class='ocr_par' dir='ltr' id='par_1_17' title="bbox 57 3324 941 3422">
     <span class='ocr_line' id='line_1_35' title="bbox 57 3324 941 3422; baseline 0.005 -30"><span class='ocrx_word' id='word_1_222' title='bbox 57 3324 218 3394; x_wconf 85' lang='lat' dir='ltr'>auditurus</span> <span class='ocrx_word' id='word_1_223' title='bbox 239 3329 353 3396; x_wconf 82' lang='lat' dir='ltr'>ibidem</span> <span class='ocrx_word' id='word_1_224' title='bbox 367 3329 529 3422; x_wconf 86' lang='lat' dir='ltr'>Vesperas.</span> <span class='ocrx_word' id='word_1_225' title='bbox 561 3330 705 3408; x_wconf 85' lang='lat' dir='ltr'>Plateae,</span> <span class='ocrx_word' id='word_1_226' title='bbox 737 3352 813 3415; x_wconf 86' lang='lat' dir='ltr'>quas</span> <span class='ocrx_word' id='word_1_227' title='bbox 831 3329 941 3396; x_wconf 86' lang='lat' dir='ltr'>tranli-</span> 
     </span>
    </p>

    <p class='ocr_par' dir='ltr' id='par_1_18' title="bbox 58 3409 941 3504">
     <span class='ocr_line' id='line_1_36' title="bbox 58 3409 941 3504; baseline 0.012 -25"><span class='ocrx_word' id='word_1_228' title='bbox 58 3409 156 3493; x_wconf 89' lang='lat' dir='ltr'>bant,</span> <span class='ocrx_word' id='word_1_229' title='bbox 185 3413 366 3504; x_wconf 84' lang='lat' dir='ltr'>sumptuose</span> <span class='ocrx_word' id='word_1_230' title='bbox 408 3438 493 3487; x_wconf 89' lang='lat' dir='ltr'>erant</span> <span class='ocrx_word' id='word_1_231' title='bbox 523 3439 654 3486; x_wconf 78' lang='lat' dir='ltr'>ornatae.</span> <span class='ocrx_word' id='word_1_232' title='bbox 701 3418 827 3502; x_wconf 89' lang='lat' dir='ltr'>Equites</span> <span class='ocrx_word' id='word_1_233' title='bbox 864 3418 941 3489; x_wconf 73' lang='lat' dir='ltr'>diui</span> 
     </span>
    </p>

    <p class='ocr_par' dir='ltr' id='par_1_19' title="bbox 55 3501 939 3595">
     <span class='ocr_line' id='line_1_37' title="bbox 55 3501 939 3595; baseline 0.011 -27"><span class='ocrx_word' id='word_1_234' title='bbox 55 3501 190 3581; x_wconf 85' lang='lat' dir='ltr'>Ordinis</span> <span class='ocrx_word' id='word_1_235' title='bbox 211 3504 308 3573; x_wconf 79' lang='lat' dir='ltr'>velliti</span> <span class='ocrx_word' id='word_1_236' title='bbox 331 3526 415 3575; x_wconf 85' lang='lat' dir='ltr'>erant</span> <span class='ocrx_word' id='word_1_237' title='bbox 439 3505 540 3574; x_wconf 88' lang='lat' dir='ltr'>rubris</span> <span class='ocrx_word' id='word_1_238' title='bbox 550 3505 751 3581; x_wconf 89' lang='lat' dir='ltr'>holosericis,</span> <span class='ocrx_word' id='word_1_239' title='bbox 774 3504 939 3595; x_wconf 86' lang='lat' dir='ltr'>duplicatis</span> 
     </span>
    </p>

    <p class='ocr_par' dir='ltr' id='par_1_20' title="bbox 57 3591 939 3691">
     <span class='ocr_line' id='line_1_38' title="bbox 57 3591 939 3691; baseline 0.002 -31"><span class='ocrx_word' id='word_1_240' title='bbox 57 3593 192 3688; x_wconf 84' lang='lat' dir='ltr'>pellibus</span> <span class='ocrx_word' id='word_1_241' title='bbox 228 3591 404 3687; x_wconf 79' lang='lat' dir='ltr'>pretiosis,</span> <span class='ocrx_word' id='word_1_242' title='bbox 439 3597 549 3691; x_wconf 86' lang='lat' dir='ltr'>longas</span> <span class='ocrx_word' id='word_1_243' title='bbox 587 3593 734 3664; x_wconf 83' lang='lat' dir='ltr'>habentes</span> <span class='ocrx_word' id='word_1_244' title='bbox 758 3612 846 3685; x_wconf 83' lang='lat' dir='ltr'>togas</span> <span class='ocrx_word' id='word_1_245' title='bbox 871 3597 939 3663; x_wconf 90' lang='lat' dir='ltr'>cin·</span> 
     </span>
    </p>
   </div>
   <div class='ocr_carea' id='block_1_5' title="bbox 859 3684 936 3778">
    <p class='ocr_par' dir='ltr' id='par_1_21' title="bbox 859 3684 936 3778">
     <span class='ocr_line' id='line_1_39' title="bbox 859 3684 936 3778; baseline 0.039 -27"><span class='ocrx_word' id='word_1_246' title='bbox 859 3684 936 3778; x_wconf 81' lang='lat' dir='ltr'>gulo</span> 
     </span>
    </p>
   </div>
   <div class='ocr_carea' id='block_1_6' title="bbox 0 0 1195 4244">
    <p class='ocr_par' dir='ltr' id='par_1_22' title="bbox 0 0 1195 4244">
     <span class='ocr_line' id='line_1_40' title="bbox 0 0 1195 4244; baseline 0 0"><span class='ocrx_word' id='word_1_247' title='bbox 0 0 1195 4244; x_wconf 95' lang='lat' dir='ltr'> </span> 
     </span>
    </p>
   </div>
  </div>
 </body>
</html>
