2370 4244
258 311 478 385 caere-eo
513 335 774 397 elcesaeus.
886 316 947 397 185

64 399 282 472 distribuerant
306 404 456 473 incertas
487 401 632 477 dioeceses
656 442 669 478 ‚
703 403 792 472 factis
813 402 944 492 desuper
1001 401 1106 469 Anno·

62 493 177 567 chartis
226 491 478 582 geographicis,
518 488 729 578 Ecclesrasque
764 489 945 647 destinave-
1007 491 1102 578 1558.

61 601 170 659 rant,
203 604 276 667 quae
315 583 419 648 forent
449 580 699 671 metropolitanae
726 585 759 647 &
784 600 833 648 cat
855 582 945 649 edra-

62 668 107 737 les
130 671 240 744 eiater
286 691 362 753 quas
402 666 633 760 designaverant
663 667 945 757 Antverpiensem‚

58 779 139 911 lquae
156 760 248 912 sforet
266 750 461 850 suffraganea
482 754 540 826 sub
564 758 809 849 metropolitana
832 754 947 827 Mech-

71 868 246 1011 lmgdlddlus
267 934 370 1023 itaque
389 935 447 1004 fuit
468 933 531 1005 hoc
555 934 831 1019 annor558.ls1r
857 932 947 1003 sum·
993 995 1134 1049 mmm

68 1041 133 1099 mae
158 1044 193 1091 ca
216 1024 329 1097 acitatis
352 1026 533 1114 franciscus
548 1030 681 1092 Sennius
701 1019 946 1092 Buscoducenfis
960 1030 1043 1109 ΜΗ,
1078 1065 1132 1110 ue·

67 1108 102 1177 8.
119 1106 163 1178 T.
189 1046 232 1195 B,
261 1111 352 1179 Lov.
374 1111 568 1180 Cathedralis
593 1108 820 1192 Ultraiedbenlis
834 1113 944 1178 Cano-
960 1137 1031 1171 nan
1054 1136 1097 1197 tto

65 1198 153 1277 nicus
184 1200 361 1286 ibidemque
382 1198 561 1287 inquisitor
597 1197 669 1269 fidei
695 1200 885 1285 apostolicus
912 1205 944 1267 δε
958 1183 1134 1301 ‘ftffuff‘m‘

64 1287 202 1377 regius,
234 1308 270 1359 ut
306 1306 497 1382 conceptum
528 1289 560 1356 in
592 1289 700 1381 Belgio
735 1270 976 1360 efformatump

62 1372 209 1445 Pontifici
230 1381 261 1444 ἃ
284 1372 506 1445 cardinalibus
526 1377 768 1446 examinandum
787 1380 944 1456 traderet,

62 1467 96 1535 δι
118 1463 225 1555 Regio
250 1466 379 1533 nomine
413 1466 600 1533 erectionem
625 1490 786 1539 novorum
814 1466 946 1558 Episco-

59 1569 194 1641 patuum
224 1554 342 1621 Romae
364 1552 544 1644 postularet.
581 1552 865 1643 Expensasadhoc
885 1557 942 1622 iter
1043 1568 1046 1575 '

63 1640 244 1719 necessarias
282 1642 443 1710 liberaliter
478 1642 690 1735 suppeditavit
712 1644 783 1711 Rex
810 1684 822 1720 ‚
859 1644 947 1711 fecit·

63 1750 124 1815 que
153 1752 215 1821 pro
238 1736 349 1805 Sannio
383 1733 520 1821 expediri
558 1733 669 1801 litteras
692 1731 884 1803 credentiales
908 1754 945 1799 ac

64 1818 337 1886 commendatitias
358 1821 502 1906 aliaque,
523 1845 594 1909 quae
618 1843 678 1912 pro
704 1846 736 1889 re
757 1841 821 1890 tam
847 1819 945 1888 ardua

62 1908 242 1993 exequenda
279 1909 519 1992 requirebantur.
562 1909 814 1987 Instrudiones‚
860 1908 947 1997 juxti

63 2014 140 2079 quas
163 2000 295 2064 Saenius
322 1997 439 2064 Romae
463 1996 493 2064 se
517 2018 634 2089 gereret
659 2043 670 2077 ,
703 1998 889 2091 praescriptae
912 2003 945 2065 bc

61 2078 245 2177 subfiguatae
277 2085 347 2152 sunt
389 2107 443 2176 per
474 2088 595 2178 Regem
620 2090 771 2157 Bruxellis
796 2087 946 2155 8.marti1'

61 2170 157 2260 hujus
181 2173 283 2250 anni,
317 2178 349 2239 &
373 2178 546 2242 referuntur
570 2180 763 2269 Dielsselg.
777 2181 864 2242 lom.
879 2181 943 2245 ΙΙΙ.

62 2262 176 2339 PJH.
204 2286 240 2327 co
262 2282 314 2328 .2.
337 2289 348 2329 .·
371 2260 402 2327 in
425 2262 482 2330 illis
505 2283 608 2330 autem
637 2266 876 2352 praescribuntur
895 2286 946 2329 ra-

60 2348 175 2459 tionesx
202 2285 406 2442 alsgandae,
441 2352 486 2415 ob
524 2375 599 2438 quas
624 2354 786 2441 petebatur
808 2350 946 2431 erectio,

62 2459 136 2504 nem
160 2462 187 2506 eo

107 2460 160 2594 Ul
172 2524 310 2616 populus
330 2526 361 2593 iu
386 2525 524 2617 Belgio,
547 2527 742 2598 contermino
764 2526 944 2598 Germauiae
1010 2599 1016 2611 ,

61 2636 132 2701 quae
161 2616 203 2682 ad
226 2614 328 2683 Sedes
352 2615 476 2684 deflexit
500 2660 511 2696 ‚
541 2619 582 2685 ad
605 2617 694 2702 quod
717 2620 943 2687 mercimonio·
960 2597 1134 2728 {fflmu‘

60 2724 134 2771 rum
172 2702 264 2771 causl
302 2705 373 2772 inde
395 2706 524 2795 plurimi
546 2708 650 2774 infesti
677 2706 878 2788 confluunt,
912 2709 945 2775 in

55 2786 123 2859 'fide
146 2797 178 2858 δι
201 2792 348 2901 religione
377 2792 529 2861 catholica
554 2795 701 2862 contineri
725 2791 829 2885 poffit.

105 2882 210 2966 Quod
247 2900 313 2947 tam
350 2900 480 2970 propter
519 2881 578 2950 late
611 2879 737 2950 diffusas
763 2885 936 2964 Dioeceses,

59 2966 156 3055 quim
192 2965 281 3054 qudd
314 2966 414 3051 major
443 2991 519 3057 'pars
556 2969 691 3059 Belgicae
712 2969 804 3058 hujus
831 2972 945 3042 nostrae

59 3057 170 3123 exteris
200 3054 452 3209 Archippiscopis
474 3063 506 3124 δι
530 3058 683 3148 episcopis
709 3058 848 3139 lubiedla
875 3060 944 3140 est,

60 3169 99 3221 ex
125 3165 237 3210 eorum
278 3167 299 3207 o
336 3144 387 3210 cio
421 3167 484 3210 non
510 3168 661 3237 magnum
691 3145 741 3216 hae
764 3149 942 3220 Provinciae

58 3233 200 3298 flubium
242 3232 428 3324 episcopalis
457 3235 624 3324 vigilantiae
649 3239 831 3330 recipiant,
866 3263 948 3327 qua-

59 3319 125 3383 lem
165 3317 361 3405 praesentium
395 3341 574 3412 temporum
611 3326 943 3430 perieulapollulant.

60 3405 158 3477 Unde
182 3405 298 3474 necesse
323 3412 381 3480 fuit
403 3434 463 3498 pro
486 3418 668 3505 extirpanda
685 3413 945 3502 reprimendaque

60 3491 214 3560 haeresum
248 3495 364 3564 zizania
388 3500 576 3569 Edidorum
599 3502 760 3567 severitate
782 3503 944 3591 populum

59 3585 93 3657 in
119 3578 241 3649 Officio
262 3587 443 3665 continere3
467 3594 574 3681 &pet
595 3587 790 3674 Inquisitores
815 3590 944 3681 aposto·

57 3672 137 3749 licor
163 3668 396 3762 Episcoporum
420 3698 521 3767 partes
542 3677 697 3768 supplere.

807 3767 910 3857 Quod
923 3810 935 3850 ,
