2370 4244
152 157 158 168 ,
209 90 445 165 Cnnrrro
492 94 757 161 enn'rcnnr.
815 92 825 182 f
872 94 935 179 187

51 178 168 277 pondit
206 180 387 249 Pontifex:
411 181 476 248 fili
509 182 550 268 fis
582 175 821 259 banormum,
879 186 935 253 uia
994 172 1091 243 Anno

44 272 170 363 faciam
191 266 282 358 hujus
307 273 420 359 negotii
440 264 564 336 brevem
587 266 831 360 expeditionem,
853 205 934 358 degi
998 264 1094 351 1558,

53 363 217 428 tuentium
261 377 397 435 ratam,
433 355 469 428 Θ
491 377 520 431 te
541 380 613 424 cum
636 354 746 424 honore
767 363 934 425 remittam.

53 448 98 516 Et
131 445 254 538 postera
293 445 342 514 die
376 445 538 536 deputavit
574 445 692 537 septem
718 444 898 514 Cardinales
919 485 935 530 ,h
1011 493 1014 497 ψ

55 535 112 624 qui
147 531 210 604 hoe
239 536 400 627 negotium
424 534 582 626 diligenter
607 534 830 603 examinarent.
872 529 937 614 Ibi·

56 624 141 692 dem.
1091 688 1094 695 .

106 711 208 778 Prima
235 712 433 805 congregatio
458 711 566 781 habita
587 712 646 781 fuit
671 731 700 799 ς.
713 733 753 781 au
777 708 834 780 usti
857 751 874 791 „
903 707 1109 784 interruptim

60 824 125 889 qua
152 801 297 890 agitatum
330 802 412 878 fuit,
435 824 474 869 an
494 800 599 869 liceret
623 805 723 868 facere
747 733 934 886 ‹iivilionem
952 786 1110 888 {ffiffi

59 887 307 980 Episcopatuum
330 889 450 1043 &Rege
475 888 634 957 catholico
656 889 810 980 petitam?
833 887 933 956 statim
949 901 1021 954 lium.

56 977 227 1046 resolutum
265 977 362 1053 fuit,
397 978 406 1043 i
466 1001 504 1043 ex
533 975 624 1044 sacris
659 977 845 1046 Canonibus
868 990 936 1047 ceri

56 1060 205 1134 tissimum
232 1063 306 1133 elle.
347 1062 493 1134 Secundo
519 1087 558 1132 an
580 1067 736 1156 expediret
756 1083 805 1135 tot
840 1069 937 1158 erige-

54 1177 87 1221 re
118 1177 224 1221 novos
258 1151 470 1243 Episcopatus
503 1159 518 1222 ?
546 1153 581 1220 ln
601 1152 779 1223 hocetiam
805 1156 938 1222 consen-

54 1240 120 1311 sere
156 1244 262 1308 Patres
298 1239 404 1310 auditi
442 1240 703 1311 demonstratione
729 1242 837 1310 Sonnii
859 1242 937 1311 affe-

57 1330 188 1404 rentis,
221 1326 363 1396 distinela
404 1328 463 1397 elle
510 1331 663 1398 Dominir
704 1329 848 1398 habentia
881 1330 938 1398 sut

58 1416 312 1509 particularia&
338 1417 462 1506 antiqua
482 1419 678 1510 privilegia,
711 1438 841 1522 propter
866 1442 939 1507 qute

59 1528 126 1572 non
152 1498 270 1595 poffint
293 1509 418 1574 evocari
435 1508 476 1576 ad
497 1508 633 1575 alienum
657 1510 844 1576 territorium
868 1531 877 1574 :
904 1513 939 1576 &

58 1615 255 1680 quamquam
306 1592 397 1663 limul
432 1602 465 1665 δε
501 1596 594 1664 semel
633 1594 677 1665 illi
713 1619 827 1665 omnes
856 1598 936 1665 novi

56 1681 270 1774 Epilcopatus
291 1686 510 1776 erigerentur,
538 1704 655 1753 tarnem
679 1708 938 1775 unumquemque

58 1774 129 1838 fore
178 1771 280 1859 duplo
321 1773 475 1862 majorem
511 1773 618 1868 inligni
650 1775 706 1842 illo
741 1776 936 1929 Episcopatu

58 1856 277 1937 Tridentino,
310 1864 342 1930 in
374 1855 541 1949 quo'tum
575 1865 726 1954 temporis
751 1865 854 1931 Conci
868 1864 936 1930 ium

60 1950 295 2018 oecumenicum
334 1949 514 2018 habebatur.
558 1949 669 2020 Tertio
708 1975 748 2018 an
774 1952 857 2020 citari
882 1951 937 2017 de-

62 2039 158 2104 beant
181 2078 193 2114 ‚
213 2111 216 2114 ‚
239 2038 292 2122 qui
316 2060 373 2127 per
395 2035 582 2104 divisionem
593 2039 724 2193 Spaliuri
750 2038 822 2105 sunt
846 2040 938 2105 inter-

59 2122 121 2190 effe
152 2130 166 2189 i
201 2122 254 2189 nd
290 2124 379 2208 quod
418 2126 558 2213 reposuit
614 2129 766 2203 onnius,
798 2124 886 2210 quod
913 2121 936 2190 li

62 2212 186 2279 deberet
213 2211 387 2301 precedere
422 2212 544 2280 citatio·
561 2236 673 2281 eorum
699 2255 711 2292 ,
748 2214 861 2300 quibus
882 2235 937 2303 per

60 2295 248 2367 divifionem
281 2298 398 2386 aliquid
421 2304 591 2370 auferretur
614 2344 634 2387 ‚V
658 2304 724 2388 jam
746 2302 938 2370 turbandum

60 2406 167 2456 tutum
193 2390 356 2480 negotium
378 2388 516 2478 nihilque
538 2392 613 2458 boni
633 2390 822 2463 secuturum.
859 2387 939 2457 Pro-

61 2477 152 2559 bavit
176 2478 250 2544 item
270 2477 396 2565 plenam
418 2479 449 2545 in
473 2477 620 2548 limilibus
645 2481 864 2549 auetoritatem
877 2477 938 2547 elle

58 2585 153 2667 penes
177 2562 365 2634 Pontificem
388 2572 420 2632 &
444 2569 565 2656 Regem
589 2609 601 2646 ,
636 2568 772 2637 maxime
798 2571 875 2635 dum
900 2571 939 2634 de

61 2652 177 2742 ingenti
208 2651 353 2739 Eccleliae
381 2655 470 2722 bono
509 2656 644 2746 agitur,
676 2658 764 2743 quod
797 2657 939 2746 pluribus

60 2738 212 2830 exemplis
245 2736 456 2808 confirmavit.
500 2745 547 2810 Ac
572 2744 696 2812 tandem
722 2744 840 2834 placuit
863 2767 942 2824 eon·

61 2825 166 2896 lilium
195 2827 260 2918 ejus
279 2829 358 2897 DD.
374 2829 603 2900 Cardinalibus.

107 2916 250 2986 Secunda
288 2919 503 3010 congregatio
540 2919 642 2989 habita
668 2922 726 2990 fuit
746 2947 779 3004 9.
791 2918 943 3016 augusti,

63 3006 97 3072 in
136 3029 172 3074 ea
204 3009 376 3097 probatum
414 3010 472 3076 fuit
491 3008 654 3080 conlilium
681 3010 791 3079 Sonnii
818 3017 857 3080 de
882 3011 942 3079 sta·

62 3093 184 3160 tuendis
217 3096 249 3161 in
288 3098 424 3184 qualibet
460 3099 639 3191 Episcopali
662 3100 789 3172 ecclefia
808 3101 883 3167 viris
909 3103 941 3168 in

64 3178 243 3272 Theologia
267 3189 299 3251 δι
323 3182 390 3271 jure
413 3189 584 3274 graduatis.
623 3189 780 3268 Volebant
799 3205 940 3268 autern,
1006 3211 1009 3218 ·

63 3288 100 3336 ut
134 3288 361 3358 praecaveretur
394 3312 407 3349 ‚
442 3274 478 3340 nl:
515 3276 690 3363 Episcopus
725 3271 856 3340 confilio
889 3296 945 3346 aut

60 3357 215 3424 sententie
242 3360 481 3428 Canonicorum
505 3360 637 3427 suornm
668 3360 905 3451 adstringeretur
932 3389 943 3434 ε

62 3470 101 3512 eo
126 3445 216 3530 quod
228 3442 292 3513 hoc
305 3448 548 3519 diminutionem
563 3449 754 3519 audoritatis
768 3450 943 3541 Epilcopn·

58 3534 93 3603 lis
105 3534 235 3604 innuere
255 3535 425 3603 videretur.
862 3537 942 3607 Ter-

959 2980 1110 3035 insecundo
