2370 4244
219 191 287 251 216
370 213 380 225 e
464 177 927 250 Aurvertris·

59 262 169 332 «Anno
269 268 354 346 „Ut
376 268 619 337 autemdeviris
643 268 789 360 spedatae
814 266 967 351 doslrinae
990 273 1112 362 &proi

76 356 174 433 15612·
222 360 364 438 „bitatis
390 403 402 437 ,
432 359 473 426 ad
497 355 741 426 {edificationem
766 355 913 441 Ecclesiae
937 360 1001 426 Dei
1024 399 1036 437 ,
1058 384 1110 428 ac·

28 500 205 551 malim·
222 444 396 528 „curatilis
421 444 672 537 prospiciatur,
700 448 788 534 quod
810 445 868 538 ipsi
895 471 1016 516 novem
1057 472 1108 516 ca·

28 547 95 614 duan
124 561 186 614 atru-
223 537 422 618 „nouicattis
445 541 477 603 &
503 557 623 602 norem
648 536 826 628 praebendae
848 534 907 604 hic
924 560 1027 627 prima
1040 561 1110 606 vice

27 629 123 679 mendi.
223 647 324 716 „per
341 627 509 728 praefatum
533 625 728 716 Episcopum
743 626 928 703 dumtaxat,
953 625 1109 695 &deiude

223 732 383 801 „quoties
407 714 450 779 illi
472 715 581 783 futuris
607 714 803 806 temporibus
824 715 1006 783 vacaverint
1030 757 1044 794 ,
1076 733 1111 784 ut

221 805 460 896 „praesertur,
504 803 546 870 ad
582 801 766 872 eledionem
792 803 942 895 Episcopi
971 809 1004 870 Sc
1030 803 1109 871 alio·

221 914 333 974 „rum
357 890 582 983 graduatorum
608 894 811 983 praefatorum
842 890 1041 983 superstitum
1056 915 1114 984 per

221 1005 317 1062 „eos
348 983 552 1048 conferantur
592 988 678 1059 3.&
711 980 744 1049 in
782 979 936 1068 ejusmodi
961 981 1113 1052 eledlione

221 1064 450 1160 „suffragium
481 1066 633 1162 Episcopi
668 1093 734 1136 riori
756 1069 827 1161 plus
849 1067 922 1156 juris
947 1068 1011 1138 live
1039 1093 1113 1138 mo·

224 1161 355 1238 „menti
392 1158 490 1245 qulim
528 1158 665 1245 cujusvis
689 1157 929 1226 Graduatorum
960 1157 1075 1228 habeat
1101 1185 1112 1236 ς

222 1242 317 1327 „nili
355 1267 477 1315 vocum
536 1254 641 1316 aritate
669 1265 885 1325 occurrente,
922 1265 1000 1314 tuiie
1023 1251 1117 1316 itera·

221 1376 250 1417 „
262 1354 329 1405 tum
357 1335 398 1403 ad
420 1334 483 1404 lioc
506 1269 655 1429 spiscopi
677 1333 860 1428 suffragium
884 1341 1048 1428 paritatem
1064 1338 1128 1425 di·⁴

116 1461 118 1473 =
225 1426 427 1504 wimar...
464 1427 586 1494 Forma
620 1426 780 1494 clodionis
816 1423 984 1515 praemillae
1020 1428 1114 1494 omni

227 1533 405 1607 „tempore
432 1513 580 1594 servari,
616 1522 649 1586 δι
686 1513 774 1583 nulli
799 1513 891 1582 causa
914 1515 1038 1608 infringi
1060 1516 1118 1583 de·

226 1604 372 1686 „beat”
407 1602 553 1674 Servatur
575 1605 607 1674 id
631 1603 800 1692 hodieque.

273 1692 358 1761 Dein
391 1695 533 1784 pontifex
576 1693 720 1762 describit
740 1692 906 1785 peculiaria
928 1691 1119 1767 Gradirato·

230 1803 303 1870 rum
330 1805 439 1851 onera.
452 1858 462 1873 ¹,
481 1822 506 1860 ,‚
519 1785 569 1852 Ac
591 1806 703 1850 omnes
717 1787 749 1850 δι
764 1780 872 1874 singuli
898 1784 1018 1850 ratione
1043 1782 1115 1850 sua-

36 1873 96 1982 f²¹¹¹²
107 1862 220 1978 find:
232 1906 259 1952 „
268 1892 342 1940 rum
368 1869 553 1966 hujusmodi
566 1871 806 1964 praebendarum
822 1869 984 1949 confilium
996 1879 1027 1940 &
1038 1895 1120 1962 ope·

47 1944 98 1979 '⁰¹¹¹
128 1941 336 2042 pccp¹„ram
373 1962 452 2026 inn
491 1961 560 2028 otio
583 1957 730 2029 Ecclesia
752 1959 1018 2051 settenguen,
1054 1984 1118 2030 cae·

230 2047 399 2138 „terisque
426 1979 658 2120 difficultatibus
679 2071 743 2153 pro
763 2067 908 2140 tempore
931 2047 1120 2141 emergentiss

226 2143 325 2220 „bus
348 2179 360 2219 ,
400 2143 523 2226 quoties
559 2141 600 2207 ab
626 2137 790 2248 Episcopo
808 2137 867 2206 suo
892 2136 1024 2226 requisiti
1050 2143 1118 2209 fue-

224 2262 249 2310 „
267 2233 328 2298 rint
351 2268 363 2309 ,
386 2247 452 2298 tam
478 2227 677 2320 conjundim
701 2248 798 2317 quam
818 2225 1119 2323 divisim,praestare

228 2338 428 2400 ,iteneantiir
441 2368 470 2388 ..
486 2368 497 2389 .

55 2401 213 2480 puerilius
256 2432 300 2486 ·‚,
314 2409 480 2496 Quodque
518 2429 598 2476 unus
616 2431 670 2477 cx
693 2413 812 2474 norem
840 2406 1010 2476 Canonicis
1034 2427 1119 2509 prae·

39 2473 174 2581 *Sississ’siff
227 2498 332 2580 „satis
358 2495 508 2587 Magister
532 2497 584 2565 vel
611 2496 803 2564 Licentiatus
829 2496 861 2563 iii
884 2494 1066 2586 Theologia
1083 2503 1118 2564 &

225 2586 340 2670 „alter
374 2583 585 2653 Decretorum
612 2585 742 2653 Dodlor
764 2583 819 2653 seu
843 2584 939 2654 etiam
961 2584 1120 2654 Licentia·

228 2715 255 2758 „
270 2694 320 2744 tus
342 2715 354 2753 ,
390 2672 523 2742 seniores
559 2674 677 2742 ratione
691 2673 826 2744 suarum
850 2673 1119 2765 prebendarum,

229 2765 449 2847 „facultatem
500 2762 650 2832 habeant·
674 2760 816 2832 visitandi
852 2786 908 2855 per
942 2763 1118 2830 universam

227 2852 426 2936 „dioecesim
449 2850 708 2946 Antverpiensem
717 2852 903 2946 praedistam
914 2853 954 2920 ab
966 2851 1120 2942 episcopo

231 2943 444 3032 „inquirendi
477 2969 490 3022 3
530 2944 631 3012 caeteri
671 2964 751 3010 vero
788 2941 942 3010 Canonici
973 2939 1124 3031 graduati

227 3034 446 3136 ‚,praedi&i,
480 3032 750 3120 quandocumque
795 3027 928 3119 requisiti
969 3029 1125 3108 riserint,

228 3162 257 3202 ‚,
267 3122 327 3188 illis
354 3115 484 3186 allillere
506 3138 678 3186 teneantur.
1082 3170 1085 3175 .

39 3257 217 3307 0„me
275 3212 360 3288 „Ac
386 3231 424 3274 eii
449 3207 573 3294 reliquis
594 3207 767 3274 senioribus
787 3207 957 3278 Canonicis
980 3205 1120 3298 praefatis

40 3290 181 3368 uulneres.
233 3303 338 3382 „duo
369 3298 401 3364 in
439 3294 618 3388 Theologia
645 3301 677 3363 δε
699 3319 779 3364 unus
804 3297 924 3386 injure
951 3297 1124 3366 Canonico

232 3387 422 3482 „graduati
437 3433 468 3456 ..
505 3386 567 3455 una
604 3407 680 3454 cum
707 3385 860 3475 praedido
884 3385 1125 3458 Archidiacono

228 3521 256 3558 „
271 3500 379 3546 curam
418 3476 552 3544 habeant
594 3474 791 3541 examinandi
813 3475 1056 3566 promovendos
1080 3474 1124 3543 ad

230 3568 368 3648 „sacros
405 3566 580 3645 Ordines,
626 3570 659 3632 δι
691 3562 902 3632 admittendos
937 3563 978 3632 ad
1013 3585 1126 3634 curam

966 3654 1128 3734 „anima-

34 1677 211 1732 (trduatomin

38 1756 124 1794 onera.
164 1777 169 1797 .
